1663 3010
129 163 235 219 544
333 141 802 200 EP1sTOLA
862 146 984 202 VII.
1055 148 1232 204 L113.
1289 148 1331 203 1.

136 229 271 282 Non
286 228 356 279 est
370 238 512 295 aptus
526 229 665 297 equis
681 225 869 280 Ithacae
880 229 1057 293 locuS,
1070 242 1127 282 ut
1140 245 1305 299 neque
1319 226 1476 299 planis

133 299 407 352 PorreCkus
420 296 581 366 spatiis
595 335 612 361 2
639 315 805 369 neque
820 300 993 352 multae
1005 301 1243 370 prodigus
1259 300 1444 353 herbae.

135 370 378 433 Atreide‚
408 371 563 437 magis
587 383 700 438 apta
725 372 819 422 tibi
844 383 929 422 tua
958 370 1092 422 dona
1113 372 1406 441 relinquam.
1479 396 1482 398 v

132 446 351 492 Parvum
367 456 534 508 parva
560 440 718 490 decent
734 460 749 490 .·
777 442 889 492 mihi
900 443 1008 509 jam
1030 459 1123 492 non
1148 447 1274 505 regia
1300 448 1485 512 Roma,

133 513 227 563 Sed
235 529 436 562 vacuum
449 511 593 560 Tibur
595 511 753 579 placet
765 552 783 580 2
820 525 909 563 aut
921 512 1095 563 imbelle
1107 518 1376 565 Tarentum.
1410 532 1476 586 45

133 589 362 633 Strenuus
390 582 454 641 ὠν
465 582 646 651 sortis,
680 584 905 655 causisque
934 583 1170 652 Philippus
1195 584 1385 648 agendis

135 653 334 718 Clarus,
370 653 431 704 ab
458 652 614 719 officiis
638 656 859 705 octavam
885 661 1067 705 circiter
1089 656 1253 704 horam

136 731 268 776 Dum
294 725 444 793 redit,
476 737 619 793 atque
632 725 743 796 fhro
767 730 958 776 nimium
983 726 1152 795 distare
1178 731 1407 793 Carinas,

133 798 261 864 Jam
280 797 476 858 grandis
502 808 653 860 natu,
681 802 924 864 queritur,
951 798 1212 865 conspexit,
1238 810 1295 846 ut
1307 803 1482 866 aiunt,

136 868 381 934 Adrafiaem
413 867 639 935 quendam
664 885 820 915 vacua
848 867 1043 935 tonsoris
1067 872 1117 915 in
1143 868 1342 936 umbra,
1413 887 1482 938 50

136 936 333 989 Cultello
347 941 555 1006 proprios
570 949 851 1004 purgantem
878 935 1046 986 leniter
1069 955 1254 1000 ungues.

135 1014 354 1060 Demetri
381 1012 524 1077 (puer
552 1007 624 1056 hic
649 1025 740 1057 non
764 1007 886 1058 laeve
898 1009 1027 1077 juffiz
1052 1007 1253 1076 Philippi

137 1081 438 1146 Accipiebat)
457 1079 536 1129 abi
554 1098 568 1127 :
598 1096 753 1147 quaere
768 1116 784 1143 ,
811 1078 874 1138 &
889 1081 1009 1148 refer
1024 1079 1144 1128 unde
1158 1080 1284 1129 domo
1301 1122 1318 1148 2
1346 1088 1478 1151 quis,

140 1152 284 1218 Cujus
296 1151 546 1220 fortunae,
579 1167 666 1219 quo
681 1151 751 1222 sit
767 1161 942 1217 patre,
978 1168 1128 1219 quove
1145 1164 1366 1218 patrone.

136 1227 191 1272 1t
206 1261 223 1289 2
251 1221 404 1288 redit,
429 1220 680 1280 &narrat
694 1261 711 1289 2
739 1220 970 1271 Vulteium
983 1226 1162 1270 nomine
1176 1226 1370 1273 Menam
1383 1264 1401 1292 >
1420 1241 1480 1293 55

135 1297 429 1359 Praeconem,
462 1297 594 1342 tenui
618 1292 776 1361 censu,
799 1292 902 1361 fine
924 1296 1109 1341 crimine
1135 1305 1325 1362 notum,

138 1367 213 1413 Et
230 1379 479 1431 properare
502 1363 618 1427 loco,
652 1363 716 1423 &
744 1365 936 1433 cefflzre,
962 1361 1026 1422 ὠ·
1053 1378 1289 1432 quaerere,
1317 1365 1382 1425 ὠν
1407 1369 1483 1416 uti

139 1434 434 1484 Gaudentem
449 1434 709 1503 parvisque
721 1433 988 1504 fhddibus,
1017 1434 1081 1493 ὠ
1104 1433 1204 1483 lare
1229 1448 1383 1501 certo,

138 1509 214 1556 Et
239 1504 389 1567 ludis,
424 1504 520 1572 ό»,
544 1505 644 1574 post
671 1506 818 1575 decisa
847 1510 1060 1571 negotia,
1095 1511 1279 1571 Campo.

139 1581 316 1626 Scitari
343 1575 458 1625 libet
483 1592 542 1625 ex
570 1575 661 1644 ipr
685 1593 963 1644 quaecunque
990 1575 1134 1645 refers
1150 1594 1166 1624 .·
1201 1576 1273 1624 dic
1412 1581 1483 1632 60

140 1648 235 1697 Ad
253 1664 426 1695 coenam
449 1650 635 1696 veniat.
660 1663 751 1694 non
766 1647 885 1714 sane
911 1646 1088 1695 credere
1119 1651 1300 1698 Mena:

138 1722 322 1768 Mirari
334 1716 488 1785 secum
513 1721 698 1765 tacitus.
734 1715 850 1783 quid
871 1713 1057 1765 multa?
1092 1716 1310 1785 benigne,

137 1789 410 1857 Respondet.
447 1791 609 1849 Negat
623 1785 699 1836 ille
715 1786 864 1836 mihi?
898 1789 1061 1849 Negat
1073 1780 1438 1854 improbus&te

136 1858 379 1926 Negligit,
413 1870 500 1908 aut
526 1857 701 1909 horret.
770 1855 1002 1907 Vulteium
1028 1857 1165 1906 mane
1189 1858 1428 1928 Philippus

137 1929 262 1979 Vilia
290 1930 569 1979 vendentem
595 1934 807 1979 tunicato
820 1923 986 2000 struta
1004 1926 1175 1995 popello
1412 1935 1479 2002 65

136 2006 375 2068 Occupat,
409 1999 474 2059 ᾤ’
492 1998 687 2070 salvere
704 2005 838 2067 prior
853 1998 1010 2066 jubet.
1048 1998 1125 2049 ille
1148 1999 1357 2068 Philippo

136 2072 379 2140 Excusare
406 2070 606 2122 laborem
623 2111 640 2137 ,
673 2071 739 2130 &⁹
765 2074 1048 2120 mercenaria
1075 2070 1264 2135 vincla,

136 2142 286 2212 Qod
306 2160 397 2191 non
422 2142 562 2192 mane
585 2142 764 2191 domum
794 2143 1019 2211 ventffiw2
1048 2140 1242 2210 denique
1253 2141 1380 2211 quod
1390 2160 1481 2195 non

134 2214 420 2282 Providiffi’t
446 2231 560 2263 eum.
631 2218 702 2262 Sic
725 2214 944 2282 ignoviffl’
958 2224 1134 2279 putato

137 2290 222 2334 Me
253 2284 374 2351 tibi,
418 2303 433 2331 ι
462 2301 609 2334 coenas
635 2284 765 2332 hodie
792 2301 976 2334 mecum.
1009 2282 1233 2334 Utlibet.
1269 2286 1482 2355 &3070

133 2354 240 2422 Post
265 2371 434 2403 nonam
461 2360 635 2404 venies.
669 2373 789 2403 nunc
815 2359 860 2416 i,
897 2370 992 2402 rem
1004 2353 1225 2423 strenuus
1251 2372 1382 2417 auge.

134 2429 202 2475 Ut
218 2437 414 2476 ventum
430 2425 500 2474 ad
510 2443 682 2475 coenam
697 2424 760 2495 est
771 2463 789 2492 2
801 2424 1008 2491 dicenda,
1022 2425 1218 2475 tacenda
1232 2422 1450 2494 loquutus
1461 2465 1480 2492 2

1354 2500 1482 2550 Tan-

191 2644 243 2681 42
271 2648 343 2672 nec.
400 2644 450 2685 43
483 2635 637 2673 Atride.
693 2637 747 2682 46
775 2648 831 2673 ac.
891 2645 942 2681 52
970 2635 1094 2672 laevus.
1155 2635 1205 2681 54
1233 2647 1383 2685 quoque.

193 2701 244 2736 55
276 2699 440 2728 enarrat.
502 2694 550 2728 60
576 2693 821 2746 quodcunque.
879 2693 928 2745 63
960 2693 1078 2743 Neget
1099 2690 1159 2731 ille
1173 2717 1183 2729 .
1197 2715 1230 2729 ..
1247 2702 1311 2734 ,ας
1330 2700 1385 2741 ‘te-

192 2747 242 2785 66
267 2759 309 2784 as
321 2771 352 2784 ..
365 2771 376 2785 .
390 2746 511 2796 ‚jubet
531 2747 642 2797 prior.
