1663 3010
8 1997 78 2011 44*

326 157 787 212 ΕΡιετοιΑ
851 155 919 210 Π.
992 155 1164 227 L1n.
1229 155 1273 208 Ι.
1368 173 1473 226 401

139 239 333 309 Wxiſjet
360 244 486 289 canis
507 237 766 288 immundus
779 272 796 300 ,
830 235 916 286 vel
935 240 1084 285 amica
1106 235 1206 285 luto
1219 237 1324 306 fies.

138 311 243 360 Nos
265 327 478 359 numerus
491 309 682 377 fiamus,
717 306 959 376 &fruges
983 306 1234 374 consternere
1256 310 1396 375 nati,

137 381 294 450 Sponsi
316 378 578 446 Penelopae,
610 374 880 441 nebulones,
914 373 1191 444 Alcinoique

138 454 200 498 In
226 462 326 499 cute
350 449 555 499 curanda
570 445 677 514 plus
700 463 830 513 aequo
853 456 1043 510 operata
1055 451 1322 515 Juventus,

137 525 225 570 Cui
241 518 449 586 pulcrum
458 518 567 586 fuit
591 520 642 566 in
664 517 830 564 medios
857 514 1052 563 dormire
1076 515 1202 582 dies,
1239 516 1304 574 ῤ’
1413 533 1482 587 30

137 590 234 638 Ad
237 589 484 657 strepitum
507 585 704 636 citharae
732 586 944 654 ceffiztum
970 584 1128 633 ducere
1153 602 1327 638 curam.

135 662 206 709 Ut
217 656 438 723 jugulent
461 656 662 706 homines
677 692 695 719 ,
719 656 924 725 fingunt
950 654 1005 703 de
1027 656 1158 704 nocte
1180 652 1386 706 latrones
1401 674 1418 706 .·

133 730 202 778 Ut
226 729 416 795 teipsiem
433 727 628 795 serves,
662 742 753 774 non
778 725 1128 793 expergisceris?
1160 731 1300 793 atqui

135 801 185 847 Si
209 797 331 846 noles
344 798 524 866 fhnus,
559 812 710 846 curres
734 794 995 864 hydropicus
1014 813 1029 844 :
1064 793 1129 853 ὠ
1158 800 1210 844 ni

138 866 295 935 Pofies
320 878 433 917 ante
458 867 574 916 diem
597 865 766 916 librum
789 883 887 915 cum
911 863 1111 928 lumine,
1133 865 1184 936 si
1203 881 1295 915 non
1416 878 1479 936 35

133 938 356 988 Intendes
381 942 583 986 animum
597 936 797 1007 studiis,
830 934 895 994 &
920 934 1054 984 rebus
1074 934 1300 1004 honestis,
1325 974 1330 975 κ

133 1009 334 1058 Invidia
360 1006 446 1057 vel
465 1024 617 1060 amore
642 1004 766 1068 vigil
784 1005 1066 1074 torquebere.
1135 1011 1268 1070 Nam
1294 1022 1374 1056 cur

136 1076 261 1146 Qae
287 1076 467 1127 laedunt
492 1076 636 1127 oculos
653 1076 858 1146 festinas
882 1076 1086 1126 demere:
1109 1076 1160 1147 fi
1184 1076 1303 1144 quid

138 1147 228 1216 Est
253 1152 488 1210 animum,
522 1147 678 1215 diffl>rs
706 1147 897 1196 curandi
922 1158 1096 1213 tempus
1120 1151 1171 1196 in
1197 1144 1409 1196 annum?

135 1219 399 1268 Dimidium
407 1217 540 1285 facili
553 1256 570 1284 ,
585 1222 665 1285 qui
689 1220 850 1284 coepit,
874 1215 1018 1265 habet
1032 1235 1047 1265 .·
1060 1215 1225 1285 sapere
1249 1217 1481 1286 aude:40

134 1292 303 1354 Incipe.
376 1286 481 1357 Qi
507 1288 631 1338 rec‘le*
653 1288 854 1337 vivendi
869 1299 1092 1354 prorogat
1117 1287 1310 1354 horam,

132 1358 342 1426 Rusticus
366 1358 584 1423 expeblat
606 1357 716 1406 dum
737 1358 918 1424 defluat
938 1360 1116 1406 amnis:
1151 1368 1208 1406 at
1230 1355 1307 1406 ille
1390 1355 1394 1359 “

132 1425 375 1495 Labitur,
409 1426 473 1486 ὠν
500 1425 689 1477 labetur
710 1431 764 1476 in
788 1444 916 1475 omne
941 1424 1159 1477 volubilis
1184 1443 1360 1482 aevum.

133 1495 391 1567 Qaeritur
414 1509 685 1560 argentum,
711 1502 957 1566 puerisque
981 1495 1122 1546 beata
1147 1497 1356 1548 creandis

135 1570 298 1635 Uxor,
332 1567 397 1627 όν
421 1568 610 1618 incultae
626 1579 863 1635 pacantur
889 1583 1075 1617 vomere
1089 1566 1243 1636 sjlvae
1259 1585 1276 1616 .·
1404 1581 1472 1636 45

133 1634 419 1707 Qodsatis
444 1638 534 1708 est,
550 1644 621 1688 cui
644 1643 864 1705 contigit,
880 1637 953 1687 hic
977 1636 1101 1688 nihil
1118 1637 1310 1705 amplius
1328 1647 1473 1705 optet.

134 1711 250 1758 Non
271 1710 455 1775 domus,
489 1708 553 1767 ὠ»
562 1709 771 1777 fundus,
804 1726 895 1758 non
919 1713 1027 1758 aeris
1050 1724 1250 1759 acervus
1273 1706 1339 1769 ὠ
1365 1710 1473 1759 auri

133 1781 336 1842 AEgroto
360 1779 530 1828 domini
557 1778 752 1828 deduxit
777 1794 952 1845 corpore
965 1779 1126 1847 febres
1139 1817 1158 1844 ,

136 1851 252 1898 Non
272 1853 425 1898 animo
451 1865 585 1898 curas
600 1867 615 1897 .·
649 1845 815 1898 valeat
833 1850 1038 1918 poffi’ffor
1061 1859 1273 1915 oportet,

135 1921 187 1967 Si
212 1923 504 1985 comportatis
530 1918 663 1967 rebus
688 1919 800 1967 bene
824 1923 996 1980 cogitat
1020 1924 1109 1968 uti.
1403 1933 1473 1984 50

132 1985 240 2058 Qi
255 1993 402 2055 cupit,
419 2000 507 2038 aut
518 1993 687 2037 metuit
695 2026 713 2053 ,
715 1988 872 2053 juvat
883 1986 1014 2036 illum
1014 1988 1082 2058 fic
1092 1987 1266 2049 domus,
1280 1997 1369 2037 aut
1383 2003 1473 2053 res,

131 2062 202 2108 Ut
225 2056 392 2125 lippum
408 2060 550 2126 picft‘ae
575 2056 780 2120 tabulae,
800 2057 1018 2126 fomenta
1035 2057 1318 2124 podagram,

131 2128 392 2178 Auriculas
416 2128 612 2178 citharae
639 2126 822 2177 collecta
840 2127 978 2196 sorde
1003 2125 1220 2178 dolentes.

127 2202 363 2248 Sincerum
386 2199 448 2265 est
470 2199 560 2269 ntfi
579 2216 699 2265 vas,
734 2198 1037 2266 quodcumque
1058 2197 1266 2267 infundis
1288 2195 1469 2264 aceſsit.

131 2273 298 2335 Sperne
323 2268 621 2336 voluptates:
647 2280 776 2331 nocet
801 2279 955 2335 empta
979 2265 1129 2317 dolore
1154 2267 1390 2334 voluptas.
1407 2282 1468 2335 55

133 2343 312 2404 Semper
333 2356 517 2390 avarus
541 2351 641 2402 eget
656 2357 671 2387 .·
705 2350 880 2388 certum
905 2350 1018 2387 voto
1036 2349 1144 2404 pete
1161 2337 1322 2407 finem.

134 2408 338 2457 Invidus
363 2408 558 2458 alterius
583 2408 817 2477 macrescit
840 2407 973 2458 rebus
1000 2412 1180 2474 opimis:

135 2478 332 2528 Invidia
359 2477 494 2529 Siculi
518 2496 609 2529 non
632 2477 856 2531 invenere
880 2482 1073 2549 tyranni
1357 2549 1426 2596 M

1419 2563 1478 2596 ffl-

197 2661 242 2702 31
271 2649 457 2699 cefflsntem
477 2653 601 2690 ducere
613 2650 788 2701 fhmnum.
849 2662 896 2702 34
921 2650 1067 2689 nolis...
1093 2662 1205 2689 cures.
1267 2651 1315 2700 36
1338 2663 1391 2689 ac.

194 2708 246 2755 46
271 2706 327 2746 cui
348 2705 678 2762 contingitsnihil.
737 2718 786 2755 51
817 2720 860 2747 ac
883 2719 952 2748 m.
1009 2717 1062 2756 5²
1085 2707 1294 2759 podagrum.
