<?xml version="1.0" encoding="UTF-8"?>
<!DOCTYPE html PUBLIC "-//W3C//DTD XHTML 1.0 Transitional//EN"
    "http://www.w3.org/TR/xhtml1/DTD/xhtml1-transitional.dtd">
<html xmlns="http://www.w3.org/1999/xhtml" xml:lang="en" lang="en">
 <head>
  <title>
</title>
<meta http-equiv="Content-Type" content="text/html;charset=utf-8" />
  <meta name='ocr-system' content='tesseract 3.04.00' />
  <meta name='ocr-capabilities' content='ocr_page ocr_carea ocr_par ocr_line ocrx_word'/>
</head>
<body>
  <div class='ocr_page' id='page_1' title='image "./oeuvresdhoraceen06hora_0341.png"; bbox 0 0 1663 3010; ppageno 0'>
   <div class='ocr_carea' id='block_1_1' title="bbox 337 102 1460 178">
    <p class='ocr_par' dir='ltr' id='par_1_1' title="bbox 337 102 1460 178">
     <span class='ocr_line' id='line_1_1' title="bbox 337 102 1460 178; baseline -0.007 -13"><span class='ocrx_word' id='word_1_1' title='bbox 337 112 800 165; x_wconf 75' lang='lat' dir='ltr'><em>EP1s’roLA</em></span> <span class='ocrx_word' id='word_1_2' title='bbox 865 105 906 159; x_wconf 95' lang='grc' dir='ltr'><em>Ι.</em></span> <span class='ocrx_word' id='word_1_3' title='bbox 973 105 1145 157; x_wconf 82' lang='lat' dir='ltr'>L113.</span> <span class='ocrx_word' id='word_1_4' title='bbox 1211 102 1254 155; x_wconf 92' lang='lat' dir='ltr'><em>I.</em></span> <span class='ocrx_word' id='word_1_5' title='bbox 1360 121 1460 178; x_wconf 85' lang='lat'><em>329</em></span> 
     </span>
    </p>
   </div>
   <div class='ocr_carea' id='block_1_2' title="bbox 128 189 1526 2508">
    <p class='ocr_par' dir='ltr' id='par_1_2' title="bbox 128 189 1309 261">
     <span class='ocr_line' id='line_1_2' title="bbox 128 189 1309 261; baseline -0.008 -15"><span class='ocrx_word' id='word_1_6' title='bbox 128 200 201 248; x_wconf 83' lang='lat' dir='ltr'><em>Et</em></span> <span class='ocrx_word' id='word_1_7' title='bbox 228 196 341 245; x_wconf 86' lang='lat' dir='ltr'><em>mihi</em></span> <span class='ocrx_word' id='word_1_8' title='bbox 368 212 469 261; x_wconf 69' lang='lat' dir='ltr'><em>res,</em></span> <span class='ocrx_word' id='word_1_9' title='bbox 505 211 594 243; x_wconf 89' lang='lat' dir='ltr'><em>non</em></span> <span class='ocrx_word' id='word_1_10' title='bbox 621 210 688 241; x_wconf 90' lang='lat' dir='ltr'><em>me</em></span> <span class='ocrx_word' id='word_1_11' title='bbox 714 190 846 240; x_wconf 91' lang='lat' dir='ltr'><em>rebus</em></span> <span class='ocrx_word' id='word_1_12' title='bbox 861 189 1141 258; x_wconf 76' lang='lat' dir='ltr'><em>submittere</em></span> <span class='ocrx_word' id='word_1_13' title='bbox 1165 205 1309 238; x_wconf 91' lang='lat' dir='ltr'><em>conor.</em></span> 
     </span>
    </p>

    <p class='ocr_par' dir='ltr' id='par_1_3' title="bbox 128 259 1461 472">
     <span class='ocr_line' id='line_1_3' title="bbox 128 259 1461 332; baseline -0.006 -16"><span class='ocrx_word' id='word_1_14' title='bbox 128 272 197 317; x_wconf 90' lang='lat' dir='ltr'><em>Ut</em></span> <span class='ocrx_word' id='word_1_15' title='bbox 221 284 313 315; x_wconf 88' lang='lat' dir='ltr'><em>nox</em></span> <span class='ocrx_word' id='word_1_16' title='bbox 340 265 502 331; x_wconf 73' lang='lat' dir='ltr'><em>longa,</em></span> <span class='ocrx_word' id='word_1_17' title='bbox 535 263 695 332; x_wconf 88' lang='lat' dir='ltr'><em>quibus</em></span> <span class='ocrx_word' id='word_1_18' title='bbox 721 266 948 309; x_wconf 86' lang='lat' dir='ltr'><em>mentitur</em></span> <span class='ocrx_word' id='word_1_19' title='bbox 973 266 1149 326; x_wconf 72' lang='lat' dir='ltr'><em>amica,</em></span> <span class='ocrx_word' id='word_1_20' title='bbox 1181 259 1362 328; x_wconf 83' lang='lat' dir='ltr'><em>diesque</em></span> <span class='ocrx_word' id='word_1_21' title='bbox 1394 274 1461 313; x_wconf 78' lang='lat'><em>20</em></span> 
     </span>
     <span class='ocr_line' id='line_1_4' title="bbox 129 330 1372 399; baseline -0.005 -13"><span class='ocrx_word' id='word_1_22' title='bbox 129 340 296 398; x_wconf 87' lang='lat' dir='ltr'><em>Longa</em></span> <span class='ocrx_word' id='word_1_23' title='bbox 322 337 513 386; x_wconf 86' lang='lat' dir='ltr'><em>videtur</em></span> <span class='ocrx_word' id='word_1_24' title='bbox 535 349 642 399; x_wconf 89' lang='lat' dir='ltr'><em>opus</em></span> <span class='ocrx_word' id='word_1_25' title='bbox 664 330 959 379; x_wconf 73' lang='lat' dir='ltr'><em>debentibus:</em></span> <span class='ocrx_word' id='word_1_26' title='bbox 993 342 1050 378; x_wconf 83' lang='lat' dir='ltr'><em>ut</em></span> <span class='ocrx_word' id='word_1_27' title='bbox 1071 335 1198 395; x_wconf 89' lang='lat' dir='ltr'><em>piger</em></span> <span class='ocrx_word' id='word_1_28' title='bbox 1221 348 1372 380; x_wconf 85' lang='lat' dir='ltr'><em>annus</em></span> 
     </span>
     <span class='ocr_line' id='line_1_5' title="bbox 130 399 1308 472; baseline -0.005 -16"><span class='ocrx_word' id='word_1_29' title='bbox 130 406 351 472; x_wconf 80' lang='lat' dir='ltr'><em>Pupillis,</em></span> <span class='ocrx_word' id='word_1_30' title='bbox 384 422 492 472; x_wconf 87' lang='lat' dir='ltr'><em>quos</em></span> <span class='ocrx_word' id='word_1_31' title='bbox 515 403 635 451; x_wconf 85' lang='lat' dir='ltr'><em>dura</em></span> <span class='ocrx_word' id='word_1_32' title='bbox 652 405 826 467; x_wconf 86' lang='lat' dir='ltr'><em>premit</em></span> <span class='ocrx_word' id='word_1_33' title='bbox 853 399 1050 467; x_wconf 85' lang='lat' dir='ltr'><em>custodia</em></span> <span class='ocrx_word' id='word_1_34' title='bbox 1075 412 1308 450; x_wconf 86' lang='lat' dir='ltr'><em>matrum:</em></span> 
     </span>
    </p>

    <p class='ocr_par' dir='ltr' id='par_1_4' title="bbox 131 469 1465 751">
     <span class='ocr_line' id='line_1_6' title="bbox 131 469 1465 540; baseline -0.004 -15"><span class='ocrx_word' id='word_1_35' title='bbox 131 482 203 525; x_wconf 82' lang='lat' dir='ltr'><em>Sic</em></span> <span class='ocrx_word' id='word_1_36' title='bbox 219 477 330 524; x_wconf 88' lang='lat' dir='ltr'><em>mihi</em></span> <span class='ocrx_word' id='word_1_37' title='bbox 344 474 487 523; x_wconf 88' lang='lat' dir='ltr'><em>tarda</em></span> <span class='ocrx_word' id='word_1_38' title='bbox 490 473 659 540; x_wconf 91' lang='lat' dir='ltr'><em>fluunt</em></span> <span class='ocrx_word' id='word_1_39' title='bbox 671 510 688 536; x_wconf 76' lang='lat'>‚</span> <span class='ocrx_word' id='word_1_40' title='bbox 704 474 982 536; x_wconf 85' lang='lat' dir='ltr'><em>ingrataque</em></span> <span class='ocrx_word' id='word_1_41' title='bbox 996 480 1216 534; x_wconf 81' lang='lat' dir='ltr'><em>tempora,</em></span> <span class='ocrx_word' id='word_1_42' title='bbox 1233 469 1465 538; x_wconf 78' lang='lat' dir='ltr'><em>quaespem</em></span> 
     </span>
     <span class='ocr_line' id='line_1_7' title="bbox 131 539 1380 616; baseline -0.006 -20"><span class='ocrx_word' id='word_1_43' title='bbox 131 545 454 616; x_wconf 83' lang='lat' dir='ltr'><em>Consiliumque</em></span> <span class='ocrx_word' id='word_1_44' title='bbox 481 552 725 590; x_wconf 89' lang='lat' dir='ltr'><em>morantur</em></span> <span class='ocrx_word' id='word_1_45' title='bbox 751 539 914 602; x_wconf 88' lang='lat' dir='ltr'><em>agendi</em></span> <span class='ocrx_word' id='word_1_46' title='bbox 934 543 1163 601; x_wconf 86' lang='lat' dir='ltr'><em>gnaviter</em></span> <span class='ocrx_word' id='word_1_47' title='bbox 1183 540 1236 587; x_wconf 86' lang='lat' dir='ltr'><em>id</em></span> <span class='ocrx_word' id='word_1_48' title='bbox 1256 542 1380 607; x_wconf 89' lang='lat' dir='ltr'><em>quod</em></span> 
     </span>
     <span class='ocr_line' id='line_1_8' title="bbox 133 607 1464 683; baseline -0.006 -18"><span class='ocrx_word' id='word_1_49' title='bbox 133 620 289 683; x_wconf 84' lang='lat' dir='ltr'><em>AEque</em></span> <span class='ocrx_word' id='word_1_50' title='bbox 302 612 578 681; x_wconf 88' lang='lat' dir='ltr'><em>pauperibus</em></span> <span class='ocrx_word' id='word_1_51' title='bbox 596 609 806 678; x_wconf 72' lang='lat' dir='ltr'><em>prodest,</em></span> <span class='ocrx_word' id='word_1_52' title='bbox 839 607 1133 675; x_wconf 81' lang='lat' dir='ltr'><em>locupletibus</em></span> <span class='ocrx_word' id='word_1_53' title='bbox 1155 626 1312 676; x_wconf 61' lang='lat' dir='ltr'><em>aeque,</em></span> <span class='ocrx_word' id='word_1_54' title='bbox 1401 627 1464 677; x_wconf 82' lang='lat'><em>25</em></span> 
     </span>
     <span class='ocr_line' id='line_1_9' title="bbox 134 679 1253 751; baseline -0.004 -17"><span class='ocrx_word' id='word_1_55' title='bbox 134 689 292 751; x_wconf 83' lang='lat' dir='ltr'><em>AEque</em></span> <span class='ocrx_word' id='word_1_56' title='bbox 317 683 564 745; x_wconf 67' lang='lat' dir='ltr'><em>neglectum</em></span> <span class='ocrx_word' id='word_1_57' title='bbox 583 685 740 748; x_wconf 86' lang='lat' dir='ltr'><em>pueris</em></span> <span class='ocrx_word' id='word_1_58' title='bbox 755 679 1032 748; x_wconf 79' lang='lat' dir='ltr'><em>senibusque</em></span> <span class='ocrx_word' id='word_1_59' title='bbox 1059 679 1253 729; x_wconf 86' lang='lat' dir='ltr'><em>nocebit.</em></span> 
     </span>
    </p>

    <p class='ocr_par' dir='ltr' id='par_1_5' title="bbox 130 748 1468 958">
     <span class='ocr_line' id='line_1_10' title="bbox 130 748 1468 823; baseline -0.001 -20"><span class='ocrx_word' id='word_1_60' title='bbox 130 755 292 823; x_wconf 87' lang='lat' dir='ltr'><em>Restat</em></span> <span class='ocrx_word' id='word_1_61' title='bbox 316 767 373 803; x_wconf 88' lang='lat' dir='ltr'><em>ut</em></span> <span class='ocrx_word' id='word_1_62' title='bbox 398 753 471 801; x_wconf 85' lang='lat' dir='ltr'><em>his</em></span> <span class='ocrx_word' id='word_1_63' title='bbox 496 769 570 814; x_wconf 81' lang='lat' dir='ltr'><em>ego</em></span> <span class='ocrx_word' id='word_1_64' title='bbox 592 769 661 801; x_wconf 88' lang='lat' dir='ltr'><em>me</em></span> <span class='ocrx_word' id='word_1_65' title='bbox 686 752 776 819; x_wconf 88' lang='lat' dir='ltr'><em>ipse</em></span> <span class='ocrx_word' id='word_1_66' title='bbox 802 768 955 814; x_wconf 82' lang='lat' dir='ltr'><em>regam</em></span> <span class='ocrx_word' id='word_1_67' title='bbox 968 749 1180 818; x_wconf 86' lang='lat' dir='ltr'><em>solerque</em></span> <span class='ocrx_word' id='word_1_68' title='bbox 1205 748 1436 799; x_wconf 86' lang='lat' dir='ltr'><em>elementis</em></span> <span class='ocrx_word' id='word_1_69' title='bbox 1452 771 1468 802; x_wconf 79' lang='lat' dir='ltr'><em>s</em></span> 
     </span>
     <span class='ocr_line' id='line_1_11' title="bbox 131 821 1358 891; baseline -0.005 -18"><span class='ocrx_word' id='word_1_70' title='bbox 131 827 244 877; x_wconf 86' lang='lat' dir='ltr'><em>Non</em></span> <span class='ocrx_word' id='word_1_71' title='bbox 262 822 394 891; x_wconf 82' lang='lat' dir='ltr'><em>poffis</em></span> <span class='ocrx_word' id='word_1_72' title='bbox 419 822 540 872; x_wconf 89' lang='lat' dir='ltr'><em>oculo</em></span> <span class='ocrx_word' id='word_1_73' title='bbox 570 834 798 889; x_wconf 87' lang='lat' dir='ltr'><em>quantum</em></span> <span class='ocrx_word' id='word_1_74' title='bbox 823 821 1091 869; x_wconf 86' lang='lat' dir='ltr'><em>contendere</em></span> <span class='ocrx_word' id='word_1_75' title='bbox 1117 823 1358 889; x_wconf 74' lang='lat' dir='ltr'><em>Lynceus,</em></span> 
     </span>
     <span class='ocr_line' id='line_1_12' title="bbox 131 889 1288 958; baseline -0.004 -15"><span class='ocrx_word' id='word_1_76' title='bbox 131 897 249 943; x_wconf 90' lang='lat' dir='ltr'><em>Non</em></span> <span class='ocrx_word' id='word_1_77' title='bbox 275 907 431 944; x_wconf 89' lang='lat' dir='ltr'><em>tamen</em></span> <span class='ocrx_word' id='word_1_78' title='bbox 457 893 618 942; x_wconf 88' lang='lat' dir='ltr'><em>idcirco</em></span> <span class='ocrx_word' id='word_1_79' title='bbox 643 903 904 941; x_wconf 83' lang='lat' dir='ltr'><em>contemnas</em></span> <span class='ocrx_word' id='word_1_80' title='bbox 929 889 1071 958; x_wconf 81' lang='lat' dir='ltr'><em>lippus</em></span> <span class='ocrx_word' id='word_1_81' title='bbox 1093 895 1254 953; x_wconf 85' lang='lat' dir='ltr'><em>inungi</em></span> <span class='ocrx_word' id='word_1_82' title='bbox 1273 909 1288 938; x_wconf 94' lang='lat'><em>:</em></span> 
     </span>
    </p>

    <p class='ocr_par' dir='ltr' id='par_1_6' title="bbox 130 960 1472 1102">
     <span class='ocr_line' id='line_1_13' title="bbox 130 960 1472 1033; baseline -0.001 -20"><span class='ocrx_word' id='word_1_83' title='bbox 130 968 260 1030; x_wconf 75' lang='lat' dir='ltr'><em>Nec,</em></span> <span class='ocrx_word' id='word_1_84' title='bbox 297 969 408 1033; x_wconf 89' lang='lat' dir='ltr'><em>quia</em></span> <span class='ocrx_word' id='word_1_85' title='bbox 434 963 632 1032; x_wconf 79' lang='lat' dir='ltr'><em>desperes</em></span> <span class='ocrx_word' id='word_1_86' title='bbox 655 963 827 1011; x_wconf 59' lang='lat' dir='ltr'><em>invicti</em></span> <span class='ocrx_word' id='word_1_87' title='bbox 852 961 1056 1010; x_wconf 86' lang='lat' dir='ltr'><em>membra</em></span> <span class='ocrx_word' id='word_1_88' title='bbox 1083 960 1323 1030; x_wconf 78' lang='lat' dir='ltr'><em>Glyconis,</em></span> <span class='ocrx_word' id='word_1_89' title='bbox 1405 977 1472 1031; x_wconf 86' lang='lat'><em>30</em></span> 
     </span>
     <span class='ocr_line' id='line_1_14' title="bbox 132 1031 1156 1102; baseline -0.003 -18"><span class='ocrx_word' id='word_1_90' title='bbox 132 1035 318 1102; x_wconf 87' lang='lat' dir='ltr'><em>Nodosa</em></span> <span class='ocrx_word' id='word_1_91' title='bbox 346 1050 499 1101; x_wconf 90' lang='lat' dir='ltr'><em>corpus</em></span> <span class='ocrx_word' id='word_1_92' title='bbox 526 1032 642 1082; x_wconf 86' lang='lat' dir='ltr'><em>nolis</em></span> <span class='ocrx_word' id='word_1_93' title='bbox 664 1032 902 1100; x_wconf 85' lang='lat' dir='ltr'><em>prohibere</em></span> <span class='ocrx_word' id='word_1_94' title='bbox 926 1031 1156 1094; x_wconf 85' lang='lat' dir='ltr'><em>chiragra.</em></span> 
     </span>
    </p>

    <p class='ocr_par' dir='ltr' id='par_1_7' title="bbox 130 1100 1355 1241">
     <span class='ocr_line' id='line_1_15' title="bbox 130 1100 1355 1173; baseline 0 -21"><span class='ocrx_word' id='word_1_95' title='bbox 130 1104 220 1173; x_wconf 78' lang='lat' dir='ltr'><em>Est</em></span> <span class='ocrx_word' id='word_1_96' title='bbox 243 1106 438 1173; x_wconf 87' lang='lat' dir='ltr'><em>quodam</em></span> <span class='ocrx_word' id='word_1_97' title='bbox 456 1103 644 1171; x_wconf 87' lang='lat' dir='ltr'><em>prodire</em></span> <span class='ocrx_word' id='word_1_98' title='bbox 668 1117 831 1169; x_wconf 71' lang='lat' dir='ltr'><em>tenus,</em></span> <span class='ocrx_word' id='word_1_99' title='bbox 854 1103 901 1172; x_wconf 87' lang='lat' dir='ltr'><strong><em>fi</em></strong></span> <span class='ocrx_word' id='word_1_100' title='bbox 923 1119 1013 1150; x_wconf 92' lang='lat' dir='ltr'><em>non</em></span> <span class='ocrx_word' id='word_1_101' title='bbox 1037 1103 1183 1151; x_wconf 87' lang='lat' dir='ltr'><em>datur</em></span> <span class='ocrx_word' id='word_1_102' title='bbox 1206 1100 1355 1152; x_wconf 87' lang='lat' dir='ltr'><em>ultra.</em></span> 
     </span>
     <span class='ocr_line' id='line_1_16' title="bbox 132 1172 1271 1241; baseline -0.004 -17"><span class='ocrx_word' id='word_1_103' title='bbox 132 1179 309 1224; x_wconf 84' lang='lat' dir='ltr'><em>Fervet</em></span> <span class='ocrx_word' id='word_1_104' title='bbox 335 1179 556 1224; x_wconf 86' lang='lat' dir='ltr'><em>avaritia</em></span> <span class='ocrx_word' id='word_1_105' title='bbox 582 1172 826 1241; x_wconf 86' lang='lat' dir='ltr'><em>miseroque</em></span> <span class='ocrx_word' id='word_1_106' title='bbox 853 1172 1058 1240; x_wconf 89' lang='lat' dir='ltr'><em>cupidine</em></span> <span class='ocrx_word' id='word_1_107' title='bbox 1072 1172 1271 1239; x_wconf 63' lang='lat' dir='ltr'><em>pectus?</em></span> 
     </span>
    </p>

    <p class='ocr_par' dir='ltr' id='par_1_8' title="bbox 128 1240 1474 1521">
     <span class='ocr_line' id='line_1_17' title="bbox 133 1240 1433 1311; baseline -0.002 -18"><span class='ocrx_word' id='word_1_108' title='bbox 133 1250 255 1294; x_wconf 86' lang='lat' dir='ltr'><em>Sunt</em></span> <span class='ocrx_word' id='word_1_109' title='bbox 281 1245 430 1295; x_wconf 87' lang='lat' dir='ltr'><em>verba</em></span> <span class='ocrx_word' id='word_1_110' title='bbox 455 1244 520 1302; x_wconf 57' lang='grc' dir='ltr'><em>ῤ’</em></span> <span class='ocrx_word' id='word_1_111' title='bbox 545 1261 708 1305; x_wconf 79' lang='lat' dir='ltr'><em>voces,</em></span> <span class='ocrx_word' id='word_1_112' title='bbox 742 1243 905 1311; x_wconf 86' lang='lat' dir='ltr'><em>quibus</em></span> <span class='ocrx_word' id='word_1_113' title='bbox 926 1243 1045 1292; x_wconf 90' lang='lat' dir='ltr'><em>hunc</em></span> <span class='ocrx_word' id='word_1_114' title='bbox 1069 1241 1212 1291; x_wconf 90' lang='lat' dir='ltr'><em>lenire</em></span> <span class='ocrx_word' id='word_1_115' title='bbox 1237 1240 1433 1291; x_wconf 79' lang='lat' dir='ltr'><em>dolorem</em></span> 
     </span>
     <span class='ocr_line' id='line_1_18' title="bbox 132 1313 1474 1382; baseline -0.001 -19"><span class='ocrx_word' id='word_1_116' title='bbox 132 1314 270 1382; x_wconf 82' lang='lat' dir='ltr'><em>Poffis</em></span> <span class='ocrx_word' id='word_1_117' title='bbox 283 1353 301 1380; x_wconf 63' lang='lat'>9</span> <span class='ocrx_word' id='word_1_118' title='bbox 336 1314 401 1373; x_wconf 64' lang='grc' dir='ltr'><em>ὠ·</em></span> <span class='ocrx_word' id='word_1_119' title='bbox 425 1331 642 1376; x_wconf 87' lang='lat' dir='ltr'><em>magnam</em></span> <span class='ocrx_word' id='word_1_120' title='bbox 665 1313 811 1362; x_wconf 87' lang='lat' dir='ltr'><em>morbi</em></span> <span class='ocrx_word' id='word_1_121' title='bbox 837 1313 1052 1379; x_wconf 83' lang='lat' dir='ltr'><em>deponere</em></span> <span class='ocrx_word' id='word_1_122' title='bbox 1065 1323 1270 1378; x_wconf 85' lang='lat' dir='ltr'><em>partem.</em></span> <span class='ocrx_word' id='word_1_123' title='bbox 1410 1327 1474 1378; x_wconf 79' lang='lat'><em>35</em></span> 
     </span>
     <span class='ocr_line' id='line_1_19' title="bbox 135 1380 1446 1451; baseline -0.005 -17"><span class='ocrx_word' id='word_1_124' title='bbox 135 1386 320 1434; x_wconf 84' lang='lat' dir='ltr'><em>Laudis</em></span> <span class='ocrx_word' id='word_1_125' title='bbox 343 1401 496 1434; x_wconf 86' lang='lat' dir='ltr'><em>amore</em></span> <span class='ocrx_word' id='word_1_126' title='bbox 520 1395 666 1433; x_wconf 86' lang='lat' dir='ltr'><em>tumes</em></span> <span class='ocrx_word' id='word_1_127' title='bbox 686 1383 704 1429; x_wconf 70' lang='grc' dir='ltr'><strong><em>ἓ</em></strong></span> <span class='ocrx_word' id='word_1_128' title='bbox 731 1388 854 1431; x_wconf 90' lang='lat' dir='ltr'><em>Sunt</em></span> <span class='ocrx_word' id='word_1_129' title='bbox 878 1394 1007 1432; x_wconf 86' lang='lat' dir='ltr'><em>certa</em></span> <span class='ocrx_word' id='word_1_130' title='bbox 1023 1380 1209 1447; x_wconf 87' lang='lat' dir='ltr'><em>piacula</em></span> <span class='ocrx_word' id='word_1_131' title='bbox 1223 1422 1241 1450; x_wconf 74' lang='lat'><strong>,</strong></span> <span class='ocrx_word' id='word_1_132' title='bbox 1267 1397 1370 1451; x_wconf 83' lang='lat' dir='ltr'><em>quae</em></span> <span class='ocrx_word' id='word_1_133' title='bbox 1394 1392 1446 1431; x_wconf 88' lang='lat' dir='ltr'><em>te</em></span> 
     </span>
     <span class='ocr_line' id='line_1_20' title="bbox 128 1451 1161 1521; baseline -0.001 -17"><span class='ocrx_word' id='word_1_134' title='bbox 128 1458 219 1504; x_wconf 85' lang='lat' dir='ltr'><em>Ter</em></span> <span class='ocrx_word' id='word_1_135' title='bbox 235 1470 353 1521; x_wconf 88' lang='lat' dir='ltr'><em>pure</em></span> <span class='ocrx_word' id='word_1_136' title='bbox 377 1454 491 1504; x_wconf 61' lang='lat' dir='ltr'><em>letio</em></span> <span class='ocrx_word' id='word_1_137' title='bbox 511 1464 737 1521; x_wconf 86' lang='lat' dir='ltr'><em>poterunt</em></span> <span class='ocrx_word' id='word_1_138' title='bbox 766 1469 970 1502; x_wconf 88' lang='lat' dir='ltr'><em>recreare</em></span> <span class='ocrx_word' id='word_1_139' title='bbox 996 1451 1161 1503; x_wconf 87' lang='lat' dir='ltr'><em>libello.</em></span> 
     </span>
    </p>

    <p class='ocr_par' dir='ltr' id='par_1_9' title="bbox 129 1523 1369 1666">
     <span class='ocr_line' id='line_1_21' title="bbox 129 1523 1369 1592; baseline -0.002 -18"><span class='ocrx_word' id='word_1_140' title='bbox 129 1526 370 1592; x_wconf 78' lang='lat' dir='ltr'><em>Invidus,</em></span> <span class='ocrx_word' id='word_1_141' title='bbox 403 1524 681 1590; x_wconf 79' lang='lat' dir='ltr'><em>iracundus,</em></span> <span class='ocrx_word' id='word_1_142' title='bbox 712 1528 867 1587; x_wconf 82' lang='lat' dir='ltr'><em>iners,</em></span> <span class='ocrx_word' id='word_1_143' title='bbox 899 1523 1120 1592; x_wconf 77' lang='lat' dir='ltr'><em>vinosus,</em></span> <span class='ocrx_word' id='word_1_144' title='bbox 1150 1534 1369 1573; x_wconf 79' lang='lat' dir='ltr'><em>amator:</em></span> 
     </span>
     <span class='ocr_line' id='line_1_22' title="bbox 130 1593 1288 1666; baseline -0.005 -18"><span class='ocrx_word' id='word_1_145' title='bbox 130 1599 283 1648; x_wconf 85' lang='lat' dir='ltr'><em>Nemo</em></span> <span class='ocrx_word' id='word_1_146' title='bbox 307 1597 418 1645; x_wconf 90' lang='lat' dir='ltr'><em>adeo</em></span> <span class='ocrx_word' id='word_1_147' title='bbox 432 1597 569 1666; x_wconf 87' lang='lat' dir='ltr'><em>ferus</em></span> <span class='ocrx_word' id='word_1_148' title='bbox 595 1593 656 1664; x_wconf 80' lang='lat' dir='ltr'><em>est</em></span> <span class='ocrx_word' id='word_1_149' title='bbox 680 1605 735 1644; x_wconf 88' lang='lat' dir='ltr'><em>ut</em></span> <span class='ocrx_word' id='word_1_150' title='bbox 761 1612 853 1643; x_wconf 89' lang='lat' dir='ltr'><em>non</em></span> <span class='ocrx_word' id='word_1_151' title='bbox 877 1595 1104 1663; x_wconf 81' lang='lat' dir='ltr'><em>mitefiere</em></span> <span class='ocrx_word' id='word_1_152' title='bbox 1120 1593 1288 1661; x_wconf 75' lang='lat' dir='ltr'><em>pofflt,</em></span> 
     </span>
    </p>

    <p class='ocr_par' dir='ltr' id='par_1_10' title="bbox 130 1664 1478 2014">
     <span class='ocr_line' id='line_1_23' title="bbox 131 1664 1478 1734; baseline 0.001 -18"><span class='ocrx_word' id='word_1_153' title='bbox 131 1671 183 1716; x_wconf 87' lang='lat' dir='ltr'><em>Si</em></span> <span class='ocrx_word' id='word_1_154' title='bbox 199 1667 336 1716; x_wconf 68' lang='lat' dir='ltr'><em>‘modo</em></span> <span class='ocrx_word' id='word_1_155' title='bbox 360 1667 555 1716; x_wconf 82' lang='lat' dir='ltr'><em>culturae</em></span> <span class='ocrx_word' id='word_1_156' title='bbox 575 1670 837 1733; x_wconf 86' lang='lat' dir='ltr'><em>patientem</em></span> <span class='ocrx_word' id='word_1_157' title='bbox 863 1664 1105 1714; x_wconf 84' lang='lat' dir='ltr'><em>commodet</em></span> <span class='ocrx_word' id='word_1_158' title='bbox 1133 1680 1305 1715; x_wconf 87' lang='lat' dir='ltr'><em>aurem.</em></span> <span class='ocrx_word' id='word_1_159' title='bbox 1402 1678 1478 1734; x_wconf 78' lang='lat'><em>40</em></span> 
     </span>
     <span class='ocr_line' id='line_1_24' title="bbox 134 1734 1388 1804; baseline -0.002 -19"><span class='ocrx_word' id='word_1_160' title='bbox 134 1739 296 1786; x_wconf 76' lang='lat' dir='ltr'><em>Wrtus</em></span> <span class='ocrx_word' id='word_1_161' title='bbox 318 1735 410 1804; x_wconf 78' lang='lat' dir='ltr'><em>est,</em></span> <span class='ocrx_word' id='word_1_162' title='bbox 441 1741 617 1785; x_wconf 86' lang='lat' dir='ltr'><em>vitium</em></span> <span class='ocrx_word' id='word_1_163' title='bbox 628 1735 826 1804; x_wconf 75' lang='lat' dir='ltr'><em>fugere3</em></span> <span class='ocrx_word' id='word_1_164' title='bbox 860 1734 1180 1804; x_wconf 71' lang='lat' dir='ltr'><em>&amp;sapientia</em></span> <span class='ocrx_word' id='word_1_165' title='bbox 1199 1739 1388 1802; x_wconf 84' lang='lat' dir='ltr'><em>prima,</em></span> 
     </span>
     <span class='ocr_line' id='line_1_25' title="bbox 130 1805 1365 1874; baseline -0.002 -19"><span class='ocrx_word' id='word_1_166' title='bbox 130 1805 356 1855; x_wconf 80' lang='lat' dir='ltr'><em>Stultitia</em></span> <span class='ocrx_word' id='word_1_167' title='bbox 382 1807 584 1874; x_wconf 85' lang='lat' dir='ltr'><em>caruiffe.</em></span> <span class='ocrx_word' id='word_1_168' title='bbox 658 1806 822 1870; x_wconf 77' lang='lat' dir='ltr'><em>Vides,</em></span> <span class='ocrx_word' id='word_1_169' title='bbox 854 1823 956 1872; x_wconf 82' lang='lat' dir='ltr'><em>quae</em></span> <span class='ocrx_word' id='word_1_170' title='bbox 982 1811 1191 1855; x_wconf 80' lang='lat' dir='ltr'><em>maxima</em></span> <span class='ocrx_word' id='word_1_171' title='bbox 1219 1806 1365 1854; x_wconf 88' lang='lat' dir='ltr'><em>credis</em></span> 
     </span>
     <span class='ocr_line' id='line_1_26' title="bbox 133 1874 1473 1944; baseline -0.001 -19"><span class='ocrx_word' id='word_1_172' title='bbox 133 1878 242 1943; x_wconf 78' lang='lat' dir='ltr'><em>Effe</em></span> <span class='ocrx_word' id='word_1_173' title='bbox 269 1877 426 1940; x_wconf 79' lang='lat' dir='ltr'><em>mala,</em></span> <span class='ocrx_word' id='word_1_174' title='bbox 457 1880 668 1937; x_wconf 84' lang='lat' dir='ltr'><em>exiguum</em></span> <span class='ocrx_word' id='word_1_175' title='bbox 694 1875 896 1942; x_wconf 78' lang='lat' dir='ltr'><em>cenficm,</em></span> <span class='ocrx_word' id='word_1_176' title='bbox 932 1886 1195 1942; x_wconf 83' lang='lat' dir='ltr'><em>turpemque</em></span> <span class='ocrx_word' id='word_1_177' title='bbox 1218 1874 1473 1944; x_wconf 72' lang='lat' dir='ltr'><em>repulsam,</em></span> 
     </span>
     <span class='ocr_line' id='line_1_27' title="bbox 136 1943 1186 2014; baseline 0.001 -21"><span class='ocrx_word' id='word_1_178' title='bbox 136 1944 339 2014; x_wconf 76' lang='lat' dir='ltr'><em>Qanto</em></span> <span class='ocrx_word' id='word_1_179' title='bbox 365 1946 549 1994; x_wconf 83' lang='lat' dir='ltr'><em>devites</em></span> <span class='ocrx_word' id='word_1_180' title='bbox 573 1948 716 1993; x_wconf 88' lang='lat' dir='ltr'><em>animi</em></span> <span class='ocrx_word' id='word_1_181' title='bbox 742 1949 991 2011; x_wconf 83' lang='lat' dir='ltr'><em>capitisque</em></span> <span class='ocrx_word' id='word_1_182' title='bbox 1015 1943 1186 1994; x_wconf 87' lang='lat' dir='ltr'><em>labore.</em></span> 
     </span>
    </p>

    <p class='ocr_par' dir='ltr' id='par_1_11' title="bbox 133 2013 1526 2508">
     <span class='ocr_line' id='line_1_28' title="bbox 133 2013 1470 2082; baseline -0.001 -18"><span class='ocrx_word' id='word_1_183' title='bbox 133 2020 332 2082; x_wconf 83' lang='lat' dir='ltr'><em>Impiger</em></span> <span class='ocrx_word' id='word_1_184' title='bbox 357 2027 582 2064; x_wconf 84' lang='lat' dir='ltr'><em>extremos</em></span> <span class='ocrx_word' id='word_1_185' title='bbox 608 2019 754 2063; x_wconf 91' lang='lat' dir='ltr'><em>curris</em></span> <span class='ocrx_word' id='word_1_186' title='bbox 778 2026 1005 2064; x_wconf 90' lang='lat' dir='ltr'><em>mercator</em></span> <span class='ocrx_word' id='word_1_187' title='bbox 1029 2015 1098 2062; x_wconf 90' lang='lat' dir='ltr'><em>ad</em></span> <span class='ocrx_word' id='word_1_188' title='bbox 1121 2013 1293 2079; x_wconf 78' lang='lat' dir='ltr'><em>Indos,</em></span> <span class='ocrx_word' id='word_1_189' title='bbox 1402 2027 1470 2079; x_wconf 78' lang='lat'><em>45</em></span> 
     </span>
     <span class='ocr_line' id='line_1_29' title="bbox 135 2084 1472 2153; baseline -0.003 -19"><span class='ocrx_word' id='word_1_190' title='bbox 135 2088 227 2134; x_wconf 88' lang='lat' dir='ltr'><em>Per</em></span> <span class='ocrx_word' id='word_1_191' title='bbox 254 2103 381 2135; x_wconf 90' lang='lat' dir='ltr'><em>mare</em></span> <span class='ocrx_word' id='word_1_192' title='bbox 399 2091 660 2153; x_wconf 86' lang='lat' dir='ltr'><em>pauperiem</em></span> <span class='ocrx_word' id='word_1_193' title='bbox 675 2084 895 2152; x_wconf 77' lang='lat' dir='ltr'><em>fugiens,</em></span> <span class='ocrx_word' id='word_1_194' title='bbox 921 2100 1007 2151; x_wconf 87' lang='lat' dir='ltr'><em>per</em></span> <span class='ocrx_word' id='word_1_195' title='bbox 1023 2084 1184 2152; x_wconf 71' lang='lat' dir='ltr'><em>saxa,</em></span> <span class='ocrx_word' id='word_1_196' title='bbox 1207 2098 1293 2150; x_wconf 89' lang='lat' dir='ltr'><em>per</em></span> <span class='ocrx_word' id='word_1_197' title='bbox 1318 2085 1472 2145; x_wconf 85' lang='lat' dir='ltr'><em>ignes:</em></span> 
     </span>
     <span class='ocr_line' id='line_1_30' title="bbox 135 2154 1235 2224; baseline -0.003 -18"><span class='ocrx_word' id='word_1_198' title='bbox 135 2159 217 2206; x_wconf 91' lang='lat' dir='ltr'><em>Ne</em></span> <span class='ocrx_word' id='word_1_199' title='bbox 242 2173 369 2205; x_wconf 88' lang='lat' dir='ltr'><em>cures</em></span> <span class='ocrx_word' id='word_1_200' title='bbox 391 2174 447 2205; x_wconf 89' lang='lat' dir='ltr'><em>ea</em></span> <span class='ocrx_word' id='word_1_201' title='bbox 475 2172 577 2224; x_wconf 86' lang='lat' dir='ltr'><em>quae</em></span> <span class='ocrx_word' id='word_1_202' title='bbox 596 2155 744 2224; x_wconf 85' lang='lat' dir='ltr'><em>stulte</em></span> <span class='ocrx_word' id='word_1_203' title='bbox 770 2159 956 2203; x_wconf 88' lang='lat' dir='ltr'><em>miraris</em></span> <span class='ocrx_word' id='word_1_204' title='bbox 982 2154 1046 2213; x_wconf 58' lang='grc' dir='ltr'><strong><em>ὠ</em></strong></span> <span class='ocrx_word' id='word_1_205' title='bbox 1071 2167 1203 2220; x_wconf 87' lang='lat' dir='ltr'><em>optas</em></span> <span class='ocrx_word' id='word_1_206' title='bbox 1217 2193 1235 2220; x_wconf 63' lang='lat'>2</span> 
     </span>
     <span class='ocr_line' id='line_1_31' title="bbox 135 2224 1418 2297; baseline -0.004 -21"><span class='ocrx_word' id='word_1_207' title='bbox 135 2227 353 2297; x_wconf 74' lang='lat' dir='ltr'><em>Discere,</em></span> <span class='ocrx_word' id='word_1_208' title='bbox 389 2225 453 2285; x_wconf 60' lang='grc' dir='ltr'><em>ὠ·</em></span> <span class='ocrx_word' id='word_1_209' title='bbox 480 2226 671 2292; x_wconf 80' lang='lat' dir='ltr'><em>audire,</em></span> <span class='ocrx_word' id='word_1_210' title='bbox 705 2224 769 2283; x_wconf 57' lang='grc' dir='ltr'><em>(β’</em></span> <span class='ocrx_word' id='word_1_211' title='bbox 793 2225 966 2274; x_wconf 85' lang='lat' dir='ltr'><em>meliori</em></span> <span class='ocrx_word' id='word_1_212' title='bbox 994 2225 1173 2275; x_wconf 90' lang='lat' dir='ltr'><em>credere</em></span> <span class='ocrx_word' id='word_1_213' title='bbox 1197 2241 1289 2273; x_wconf 85' lang='lat' dir='ltr'><em>non</em></span> <span class='ocrx_word' id='word_1_214' title='bbox 1313 2226 1391 2273; x_wconf 84' lang='lat' dir='ltr'><em>vis</em></span> <span class='ocrx_word' id='word_1_215' title='bbox 1407 2261 1418 2271; x_wconf 86' lang='lat'><strong>.</strong></span> 
     </span>
     <span class='ocr_line' id='line_1_32' title="bbox 139 2294 1318 2364; baseline -0.003 -19"><span class='ocrx_word' id='word_1_216' title='bbox 139 2294 265 2364; x_wconf 75' lang='lat' dir='ltr'><em>Qis</em></span> <span class='ocrx_word' id='word_1_217' title='bbox 288 2303 452 2346; x_wconf 88' lang='lat' dir='ltr'><em>circum</em></span> <span class='ocrx_word' id='word_1_218' title='bbox 465 2313 606 2364; x_wconf 89' lang='lat' dir='ltr'><em>pagos</em></span> <span class='ocrx_word' id='word_1_219' title='bbox 633 2295 698 2354; x_wconf 42' lang='grc' dir='ltr'><em>ὀύ</em></span> <span class='ocrx_word' id='word_1_220' title='bbox 726 2301 888 2345; x_wconf 85' lang='lat' dir='ltr'><em>circum</em></span> <span class='ocrx_word' id='word_1_221' title='bbox 914 2300 1105 2362; x_wconf 84' lang='lat' dir='ltr'><em>compita</em></span> <span class='ocrx_word' id='word_1_222' title='bbox 1123 2310 1318 2363; x_wconf 82' lang='lat' dir='ltr'><em>pugnax</em></span> 
     </span>
     <span class='ocr_line' id='line_1_33' title="bbox 141 2365 1526 2435; baseline 0.001 -21"><span class='ocrx_word' id='word_1_223' title='bbox 141 2370 326 2428; x_wconf 89' lang='lat' dir='ltr'><em>Magna</em></span> <span class='ocrx_word' id='word_1_224' title='bbox 348 2372 555 2416; x_wconf 84' lang='lat' dir='ltr'><em>coronari</em></span> <span class='ocrx_word' id='word_1_225' title='bbox 580 2377 842 2415; x_wconf 84' lang='lat' dir='ltr'><em>contemnat</em></span> <span class='ocrx_word' id='word_1_226' title='bbox 870 2365 1112 2435; x_wconf 77' lang='lat' dir='ltr'><em>Olympia,</em></span> <span class='ocrx_word' id='word_1_227' title='bbox 1147 2370 1216 2414; x_wconf 89' lang='lat' dir='ltr'><em>cui</em></span> <span class='ocrx_word' id='word_1_228' title='bbox 1230 2365 1368 2432; x_wconf 77' lang='lat' dir='ltr'><em>spes,</em></span> <span class='ocrx_word' id='word_1_229' title='bbox 1411 2379 1480 2431; x_wconf 82' lang='lat'><em>50</em></span> <span class='ocrx_word' id='word_1_230' title='bbox 1524 2376 1526 2378; x_wconf 79' lang='grc'><strong>’</strong></span> 
     </span>
     <span class='ocr_line' id='line_1_34' title="bbox 140 2435 1257 2508; baseline 0 -25"><span class='ocrx_word' id='word_1_231' title='bbox 140 2439 226 2484; x_wconf 88' lang='lat' dir='ltr'><em>Cui</em></span> <span class='ocrx_word' id='word_1_232' title='bbox 239 2436 308 2506; x_wconf 83' lang='lat' dir='ltr'><em>fit</em></span> <span class='ocrx_word' id='word_1_233' title='bbox 332 2437 527 2486; x_wconf 85' lang='lat' dir='ltr'><em>conditio</em></span> <span class='ocrx_word' id='word_1_234' title='bbox 555 2436 696 2485; x_wconf 82' lang='lat' dir='ltr'><em>dulcis</em></span> <span class='ocrx_word' id='word_1_235' title='bbox 712 2437 815 2508; x_wconf 83' lang='lat' dir='ltr'><em>fine</em></span> <span class='ocrx_word' id='word_1_236' title='bbox 832 2436 1031 2503; x_wconf 84' lang='lat' dir='ltr'><em>pulvere</em></span> <span class='ocrx_word' id='word_1_237' title='bbox 1048 2435 1257 2503; x_wconf 76' lang='lat' dir='ltr'><em>palmae?</em></span> 
     </span>
    </p>
   </div>
   <div class='ocr_carea' id='block_1_3' title="bbox 1400 2504 1484 2554">
    <p class='ocr_par' dir='ltr' id='par_1_12' title="bbox 1400 2504 1484 2554">
     <span class='ocr_line' id='line_1_35' title="bbox 1400 2504 1484 2554; baseline 0 -10"><span class='ocrx_word' id='word_1_238' title='bbox 1400 2504 1484 2554; x_wconf 75' lang='lat' dir='ltr'><em>Vi..</em></span> 
     </span>
    </p>
   </div>
   <div class='ocr_carea' id='block_1_4' title="bbox 206 2610 1478 2721">
    <p class='ocr_par' dir='ltr' id='par_1_13' title="bbox 206 2610 1478 2721">
     <span class='ocr_line' id='line_1_36' title="bbox 206 2610 1478 2664; baseline -0.002 -13"><span class='ocrx_word' id='word_1_239' title='bbox 206 2622 253 2660; x_wconf 81' lang='lat'><em>19</em></span> <span class='ocrx_word' id='word_1_240' title='bbox 284 2615 392 2650; x_wconf 85' lang='lat' dir='ltr'><em>Nunc</em></span> <span class='ocrx_word' id='word_1_241' title='bbox 414 2612 502 2650; x_wconf 74' lang='lat' dir='ltr'><em>mihi</em></span> <span class='ocrx_word' id='word_1_242' title='bbox 525 2626 593 2651; x_wconf 82' lang='lat' dir='ltr'><em>res.</em></span> <span class='ocrx_word' id='word_1_243' title='bbox 651 2624 702 2650; x_wconf 83' lang='lat'><em>20</em></span> <span class='ocrx_word' id='word_1_244' title='bbox 728 2613 856 2663; x_wconf 77' lang='lat' dir='ltr'><em>quibus</em></span> <span class='ocrx_word' id='word_1_245' title='bbox 870 2611 988 2664; x_wconf 73' lang='lat' dir='ltr'><em>somni</em></span> <span class='ocrx_word' id='word_1_246' title='bbox 1001 2621 1089 2662; x_wconf 79' lang='lat' dir='ltr'><em>pars</em></span> <span class='ocrx_word' id='word_1_247' title='bbox 1109 2614 1225 2652; x_wconf 69' lang='lat' dir='ltr'><em>nulla.</em></span> <span class='ocrx_word' id='word_1_248' title='bbox 1262 2620 1311 2650; x_wconf 65' lang='grc' dir='ltr'><em>αἱ</em></span> <span class='ocrx_word' id='word_1_249' title='bbox 1339 2610 1478 2651; x_wconf 71' lang='lat' dir='ltr'><em>Lenta.</em></span> 
     </span>
     <span class='ocr_line' id='line_1_37' title="bbox 206 2669 1137 2721; baseline 0.001 -15"><span class='ocrx_word' id='word_1_250' title='bbox 206 2679 254 2720; x_wconf 83' lang='lat'><em>30</em></span> <span class='ocrx_word' id='word_1_251' title='bbox 281 2670 378 2706; x_wconf 84' lang='lat' dir='ltr'><em>Neu.</em></span> <span class='ocrx_word' id='word_1_252' title='bbox 441 2680 488 2720; x_wconf 87' lang='lat'><em>32</em></span> <span class='ocrx_word' id='word_1_253' title='bbox 514 2669 685 2721; x_wconf 80' lang='lat' dir='ltr'><em>quadam.</em></span> <span class='ocrx_word' id='word_1_254' title='bbox 749 2680 797 2720; x_wconf 87' lang='lat'><em>34</em></span> <span class='ocrx_word' id='word_1_255' title='bbox 824 2682 866 2707; x_wconf 78' lang='lat' dir='ltr'><em>ac</em></span> <span class='ocrx_word' id='word_1_256' title='bbox 890 2693 950 2708; x_wconf 72' lang='lat'><em>..0</em></span> <span class='ocrx_word' id='word_1_257' title='bbox 972 2669 1137 2707; x_wconf 75' lang='lat' dir='ltr'><em>laborem.</em></span> 
     </span>
    </p>
   </div>
  </div>
 </body>
</html>
