1663 3010
1384 0 1410 17 Ὦ

305 133 654 187 SATIRA
716 127 809 184 VI.
876 126 1048 180 Ltn.
1110 125 1181 181 11.
1324 138 1425 195 215

94 217 235 270 Illum
253 217 396 286 ipsum
424 225 651 265 mercatus
673 218 872 280 aravit,
907 212 1039 261 dives
1064 216 1207 262 amico
1362 259 1368 265 ,

93 288 318 341 Hercule:
335 290 353 354 )
372 285 420 356 fi
430 325 457 350 ,,
474 285 598 354 quod
615 284 768 354 adest,
791 295 985 347 gratum
998 294 1158 348 Juvat
1173 301 1187 333 .·
1202 282 1289 335 hac
1300 298 1434 353 prece

297 369 345 406 te
367 372 442 403 oro

98 431 273 490 Pingue
289 442 423 494 pecus
446 393 644 473 homino
656 421 820 498 facias.
830 460 848 487 ,
883 419 948 479 ὀ»
972 432 1151 488 cetera,
1175 436 1356 488 praeter

100 502 338 560 Ingenium
351 512 370 557 5
386 505 527 561 utque
531 491 651 561 soles
663 531 680 558 ‚
694 491 832 559 custos
847 488 960 539 mihi
975 496 1204 541 maximus
1218 494 1351 565 adfis.
1374 515 1394 548 1
1404 512 1433 564 ς

99 571 228 630 Ergo
253 566 332 615 ubi
356 581 424 612 me
449 568 498 610 in
523 560 837 620 montes&in
861 576 1008 609 arcem
1033 578 1091 608 ex
1105 561 1215 611 urbe
1230 571 1436 634 removi,

103 635 243 705 ¹Qud
251 639 385 701 prius
407 630 625 701 illustrem
650 635 855 696 Satiris,
890 629 1119 698 Musaque
1133 632 1365 702 pedestri?

103 711 204 757 Nec
227 703 351 753 mala
374 720 442 751 me
468 701 659 751 ambitio
670 701 830 769 perdit
842 738 860 766 ,
884 717 962 749 nec
976 698 1214 767 plumbeus
1228 702 1437 773 Auster,

99 781 464 842 Autumnusque
482 776 684 838 gravis,
715 770 949 823 Libitinae
971 770 1168 840 quaestus
1191 773 1385 826 acerbae.

108 918 355 965 Matutine
380 915 528 962 Pater
537 951 555 979 ³
578 912 662 981 seu
686 911 825 978 Jane
848 910 1067 959 libentius
1092 911 1254 978 andis,
1369 930 1442 970 20

106 985 236 1037 Unde
261 984 459 1033 homines
483 998 662 1050 operum
679 987 850 1048 primos
874 986 1082 1049 vitaeque
1106 980 1288 1031 labores

106 1054 368 1123 Instituunt
396 1054 482 1124 (stc
505 1053 598 1102 Dis
617 1051 862 1119 placitum)
893 1063 947 1100 tu
969 1056 1187 1101 carminis
1211 1051 1300 1119 esto

106 1127 404 1190 Principium.
475 1127 631 1172 Romae
647 1123 902 1190 sponsorem
928 1138 996 1168 me
1021 1126 1175 1187 rapis:
1211 1126 1342 1190 Eia,

110 1198 188 1244 Ne
205 1199 335 1260 prior
359 1192 498 1258 officio
525 1195 767 1260 quisquam
793 1190 1086 1257 respondeat,
1119 1208 1266 1253 urges.

109 1269 220 1313 Save
247 1263 426 1331 Aquilo
451 1263 581 1312 radit
603 1274 785 1327 terras,
809 1261 893 1328 seu
918 1260 1083 1310 bruma
1108 1260 1317 1311 nivalem
1373 1278 1441 1334 25

110 1338 338 1383 Interiore
365 1333 481 1382 diem
500 1349 607 1401 gyro
634 1331 820 1393 trahit,
854 1335 921 1378 ire
944 1331 1103 1398 neceffi
1126 1329 1204 1399 est.

108 1402 368 1471 Postmodo,
404 1403 528 1470 quod
544 1402 608 1451 mi
629 1401 742 1473 obstt
755 1437 772 1462 ,
802 1398 923 1448 clare
944 1411 1205 1468 certumque
1226 1398 1446 1470 loquuta,

110 1474 407 1522 Lusiandum
433 1478 485 1520 in
510 1473 655 1521 turba
671 1491 685 1520 .·
706 1470 929 1540 facienda
951 1471 1130 1537 injuria
1157 1472 1310 1520 tardis
1325 1491 1343 1521 .-

95 1581 99 1585 ,
110 1540 251 1610 Qid
273 1548 351 1593 vis
358 1579 377 1606 2
391 1543 549 1611 insane
565 1544 583 1590 ,ἲ
601 1541 663 1600 &¹
680 1559 795 1609 quas
820 1558 890 1589 res
910 1546 1010 1602 agis
1031 1542 1049 1587 ,ἲ
1065 1540 1300 1606 Improbus
1314 1553 1449 1606 urget

111 1618 264 1662 Iratis
281 1613 501 1679 precibus.
571 1617 636 1662 Tu
655 1611 804 1680 pulses
833 1628 959 1659 omne
982 1611 1106 1679 quod
1125 1610 1306 1679 obstat,
1379 1630 1448 1681 30

112 1683 205 1732 Ad
227 1689 529 1733 Maecenatem
555 1688 737 1731 memori
752 1683 800 1752 si
823 1693 974 1730 mente
995 1697 1206 1730 recurras
1227 1681 1247 1729 ἓ

114 1757 211 1802 Hoc
214 1754 370 1817 juvat
382 1793 400 1819 2
415 1751 478 1810 ό»
491 1751 612 1801 melli
626 1753 687 1821 est
697 1792 714 1818 2
730 1770 818 1801 non
832 1757 1052 1801 mentiar.
1075 1757 1156 1801 At
1160 1750 1306 1822 simul
1312 1762 1450 1806 atras

116 1825 309 1871 Ventum
338 1823 398 1890 est
420 1821 688 1890 Esquilias,
720 1821 875 1870 aliena
899 1826 1078 1884 negotia
1103 1828 1284 1871 centum

116 1895 208 1941 Per
231 1904 366 1958 caput
391 1891 455 1949 (φ
482 1896 601 1939 circa
618 1891 804 1959 fialiunt
827 1890 970 1939 latus.
1019 1896 1158 1940 Ante
1172 1892 1424 1959 secundam

117 1962 299 2029 Roscius
325 1960 494 2009 orabat
505 1959 596 2032 fibi
619 1960 785 2029 adeffis
810 1960 877 2008 ad
899 1958 1076 2007 Puteal
1097 1975 1217 2011 cras.
1388 1976 1451 2031 35

119 2035 196 2080 De
224 2050 271 2079 re
297 2037 512 2079 communi
526 2029 693 2100 firibae
719 2048 887 2092 magna
913 2040 1055 2096 atque
1080 2046 1207 2077 nova
1232 2040 1282 2077 te

120 2102 343 2150 Orabant
365 2098 496 2149 hodie
518 2101 809 2169 meminiffi’s,
841 2098 1053 2168 Qinte,
1089 2103 1285 2149 reverti.

117 2175 366 2237 Imprimat
391 2170 463 2218 his
489 2187 598 2220 cura
628 2176 861 2220 Maecenas
874 2170 1011 2240 signa
1037 2168 1236 2219 tabellis.

119 2245 316 2291 Dixeris
329 2280 347 2308 ,
379 2245 610 2308 Experiar
625 2259 639 2289 .·
654 2245 705 2290 Si
730 2245 840 2305 vis,
854 2251 1016 2307 potes,
1033 2239 1170 2289 addit
1186 2258 1200 2288 .·
1216 2238 1454 2309 &instat.

117 2316 341 2377 Septimus
366 2314 532 2361 odt'avo
549 2315 732 2378 propior
745 2312 854 2376 jam
930 2315 1053 2372 gerit
1079 2326 1261 2379 annus>
1386 2328 1459 2381 40

121 2384 206 2432 Ex
230 2399 315 2448 quo
344 2387 575 2431 stlaecenas
599 2399 668 2430 me
693 2386 826 2447 coepit
886 2379 1020 2430 abere
1039 2379 1229 2448 suorum

121 2456 185 2502 In
207 2469 389 2501 numero
403 2470 418 2501 .·
453 2452 699 2502 duntaxat
724 2451 792 2502 ad
811 2451 892 2500 hoc
903 2490 922 2518 ‚
947 2469 1078 2520 quem
1101 2449 1259 2500 tollere
1282 2447 1429 2499 rheda

1357 2517 1462 2570 Vel-

184 2644 235 2680 24
263 2647 362 2740 aezrstge.
420 2644 471 2687 ²9
494 2631 600 2687 auid
617 2634 689 2676 tibi
706 2634 789 2681 vis,
814 2646 906 2686 quas
928 2645 984 2673 res
1002 2631 1104 2685 agisa
1130 2631 1282 2682 infime?

188 2701 237 2744 30
261 2703 277 2728 o
332 2698 379 2729 et.
