<?xml version="1.0" encoding="UTF-8"?>
<!DOCTYPE html PUBLIC "-//W3C//DTD XHTML 1.0 Transitional//EN"
    "http://www.w3.org/TR/xhtml1/DTD/xhtml1-transitional.dtd">
<html xmlns="http://www.w3.org/1999/xhtml" xml:lang="en" lang="en">
 <head>
  <title>
</title>
<meta http-equiv="Content-Type" content="text/html;charset=utf-8" />
  <meta name='ocr-system' content='tesseract 3.04.00' />
  <meta name='ocr-capabilities' content='ocr_page ocr_carea ocr_par ocr_line ocrx_word'/>
</head>
<body>
  <div class='ocr_page' id='page_1' title='image "./oeuvresdhoraceen06hora_0187.png"; bbox 0 0 1663 3010; ppageno 0'>
   <div class='ocr_carea' id='block_1_1' title="bbox 308 163 1434 236">
    <p class='ocr_par' dir='ltr' id='par_1_1' title="bbox 308 163 1434 236">
     <span class='ocr_line' id='line_1_1' title="bbox 308 163 1434 236; baseline -0.007 -12"><span class='ocrx_word' id='word_1_1' title='bbox 308 168 658 224; x_wconf 79' lang='lat' dir='ltr'>SATIRA</span> <span class='ocrx_word' id='word_1_2' title='bbox 727 166 794 220; x_wconf 94' lang='lat' dir='ltr'><em>V.</em></span> <span class='ocrx_word' id='word_1_3' title='bbox 865 165 1038 218; x_wconf 85' lang='lat' dir='ltr'>L113.</span> <span class='ocrx_word' id='word_1_4' title='bbox 1106 163 1175 217; x_wconf 87' lang='lat'><em>11.</em></span> <span class='ocrx_word' id='word_1_5' title='bbox 1337 180 1434 236; x_wconf 82' lang='lat'><em>175</em></span> 
     </span>
    </p>
   </div>
   <div class='ocr_carea' id='block_1_2' title="bbox 56 249 1457 2789">
    <p class='ocr_par' dir='ltr' id='par_1_2' title="bbox 100 249 1350 323">
     <span class='ocr_line' id='line_1_2' title="bbox 100 249 1350 323; baseline -0.006 -16"><span class='ocrx_word' id='word_1_6' title='bbox 100 258 325 307; x_wconf 84' lang='lat' dir='ltr'><em>Divitias</em></span> <span class='ocrx_word' id='word_1_7' title='bbox 340 289 358 317; x_wconf 90' lang='lat'><em>,</em></span> <span class='ocrx_word' id='word_1_8' title='bbox 389 251 581 323; x_wconf 83' lang='lat' dir='ltr'><em>aerisque</em></span> <span class='ocrx_word' id='word_1_9' title='bbox 608 266 771 316; x_wconf 88' lang='lat' dir='ltr'><em>ruam,</em></span> <span class='ocrx_word' id='word_1_10' title='bbox 803 249 903 318; x_wconf 80' lang='lat' dir='ltr'><em>dic,</em></span> <span class='ocrx_word' id='word_1_11' title='bbox 936 266 1113 315; x_wconf 85' lang='lat' dir='ltr'><em>augur,</em></span> <span class='ocrx_word' id='word_1_12' title='bbox 1145 263 1350 300; x_wconf 83' lang='lat' dir='ltr'><em>acervos.</em></span> 
     </span>
    </p>

    <p class='ocr_par' dir='ltr' id='par_1_3' title="bbox 102 319 1439 391">
     <span class='ocr_line' id='line_1_3' title="bbox 102 319 1439 391; baseline -0.007 -12"><span class='ocrx_word' id='word_1_13' title='bbox 102 325 247 378; x_wconf 83' lang='lat' dir='ltr'><strong>TIR.</strong></span> <span class='ocrx_word' id='word_1_14' title='bbox 271 328 396 374; x_wconf 84' lang='lat' dir='ltr'><em>Dixi</em></span> <span class='ocrx_word' id='word_1_15' title='bbox 421 321 653 391; x_wconf 78' lang='lat' dir='ltr'><em>equidem,</em></span> <span class='ocrx_word' id='word_1_16' title='bbox 668 319 732 378; x_wconf 56' lang='grc' dir='ltr'><em>ᾤ’</em></span> <span class='ocrx_word' id='word_1_17' title='bbox 746 319 843 369; x_wconf 87' lang='lat' dir='ltr'><em>dico</em></span> <span class='ocrx_word' id='word_1_18' title='bbox 859 339 874 369; x_wconf 90' lang='lat'><em>:</em></span> <span class='ocrx_word' id='word_1_19' title='bbox 890 332 1041 386; x_wconf 90' lang='lat' dir='ltr'><em>captes</em></span> <span class='ocrx_word' id='word_1_20' title='bbox 1064 319 1245 389; x_wconf 84' lang='lat' dir='ltr'><em>astutus</em></span> <span class='ocrx_word' id='word_1_21' title='bbox 1272 319 1439 389; x_wconf 78' lang='lat' dir='ltr'><em>ubique</em></span> 
     </span>
    </p>

    <p class='ocr_par' dir='ltr' id='par_1_4' title="bbox 101 388 1390 464">
     <span class='ocr_line' id='line_1_4' title="bbox 101 388 1390 464; baseline -0.005 -18"><span class='ocrx_word' id='word_1_22' title='bbox 101 394 392 464; x_wconf 76' lang='lat' dir='ltr'><em>Testamenta</em></span> <span class='ocrx_word' id='word_1_23' title='bbox 409 393 601 462; x_wconf 74' lang='lat' dir='ltr'><em>senum:</em></span> <span class='ocrx_word' id='word_1_24' title='bbox 637 407 756 452; x_wconf 85' lang='lat' dir='ltr'><em>neu,</em></span> <span class='ocrx_word' id='word_1_25' title='bbox 785 391 834 459; x_wconf 84' lang='lat' dir='ltr'><em>si</em></span> <span class='ocrx_word' id='word_1_26' title='bbox 856 391 999 458; x_wconf 78' lang='lat' dir='ltr'><em>vafer</em></span> <span class='ocrx_word' id='word_1_27' title='bbox 1025 406 1143 439; x_wconf 85' lang='lat' dir='ltr'><em>unus</em></span> <span class='ocrx_word' id='word_1_28' title='bbox 1173 388 1237 449; x_wconf 59' lang='grc' dir='ltr'><em>ᾤ’</em></span> <span class='ocrx_word' id='word_1_29' title='bbox 1262 389 1390 440; x_wconf 88' lang='lat' dir='ltr'><em>alter</em></span> 
     </span>
    </p>

    <p class='ocr_par' dir='ltr' id='par_1_5' title="bbox 101 459 1437 536">
     <span class='ocr_line' id='line_1_5' title="bbox 101 459 1437 536; baseline -0.008 -20"><span class='ocrx_word' id='word_1_30' title='bbox 101 466 423 536; x_wconf 85' lang='lat' dir='ltr'><em>Infidiatorem</em></span> <span class='ocrx_word' id='word_1_31' title='bbox 437 460 637 532; x_wconf 78' lang='lat' dir='ltr'><em>praerofh</em></span> <span class='ocrx_word' id='word_1_32' title='bbox 650 460 836 531; x_wconf 84' lang='lat' dir='ltr'><em>fugerit</em></span> <span class='ocrx_word' id='word_1_33' title='bbox 862 459 1028 525; x_wconf 84' lang='lat' dir='ltr'><em>hamo,</em></span> <span class='ocrx_word' id='word_1_34' title='bbox 1371 477 1437 531; x_wconf 82' lang='lat'><em>25</em></span> 
     </span>
    </p>

    <p class='ocr_par' dir='ltr' id='par_1_6' title="bbox 102 528 1324 605">
     <span class='ocr_line' id='line_1_6' title="bbox 102 528 1324 605; baseline -0.006 -18"><span class='ocrx_word' id='word_1_35' title='bbox 102 541 218 588; x_wconf 88' lang='lat' dir='ltr'><em>Aut</em></span> <span class='ocrx_word' id='word_1_36' title='bbox 229 536 358 605; x_wconf 82' lang='lat' dir='ltr'><em>spem</em></span> <span class='ocrx_word' id='word_1_37' title='bbox 380 534 603 600; x_wconf 75' lang='lat' dir='ltr'><em>deponas,</em></span> <span class='ocrx_word' id='word_1_38' title='bbox 635 542 724 579; x_wconf 87' lang='lat' dir='ltr'><em>aut</em></span> <span class='ocrx_word' id='word_1_39' title='bbox 750 541 902 578; x_wconf 83' lang='lat' dir='ltr'><em>artem</em></span> <span class='ocrx_word' id='word_1_40' title='bbox 927 528 1087 596; x_wconf 73' lang='lat' dir='ltr'><em>illufics</em></span> <span class='ocrx_word' id='word_1_41' title='bbox 1113 533 1324 581; x_wconf 85' lang='lat' dir='ltr'><em>omittas.</em></span> 
     </span>
    </p>

    <p class='ocr_par' dir='ltr' id='par_1_7' title="bbox 104 597 1264 673">
     <span class='ocr_line' id='line_1_7' title="bbox 104 597 1264 673; baseline -0.008 -17"><span class='ocrx_word' id='word_1_42' title='bbox 104 610 290 668; x_wconf 87' lang='lat' dir='ltr'><em>Magna</em></span> <span class='ocrx_word' id='word_1_43' title='bbox 316 608 527 655; x_wconf 85' lang='lat' dir='ltr'><em>minorve</em></span> <span class='ocrx_word' id='word_1_44' title='bbox 549 601 650 667; x_wconf 77' lang='lat' dir='ltr'><em>foro</em></span> <span class='ocrx_word' id='word_1_45' title='bbox 664 601 713 673; x_wconf 80' lang='lat' dir='ltr'><em>st</em></span> <span class='ocrx_word' id='word_1_46' title='bbox 740 616 812 649; x_wconf 86' lang='lat' dir='ltr'><em>res</em></span> <span class='ocrx_word' id='word_1_47' title='bbox 839 599 1101 649; x_wconf 78' lang='lat' dir='ltr'><em>certabitur</em></span> <span class='ocrx_word' id='word_1_48' title='bbox 1125 597 1264 662; x_wconf 85' lang='lat' dir='ltr'><em>olim,</em></span> 
     </span>
    </p>

    <p class='ocr_par' dir='ltr' id='par_1_8' title="bbox 104 668 1345 742">
     <span class='ocr_line' id='line_1_8' title="bbox 104 668 1345 742; baseline -0.005 -17"><span class='ocrx_word' id='word_1_49' title='bbox 104 679 251 726; x_wconf 74' lang='lat' dir='ltr'><em>Vivet</em></span> <span class='ocrx_word' id='word_1_50' title='bbox 275 687 382 724; x_wconf 89' lang='lat' dir='ltr'><em>uter</em></span> <span class='ocrx_word' id='word_1_51' title='bbox 412 671 601 740; x_wconf 83' lang='lat' dir='ltr'><em>locuples</em></span> <span class='ocrx_word' id='word_1_52' title='bbox 617 671 720 742; x_wconf 86' lang='lat' dir='ltr'><em>fine</em></span> <span class='ocrx_word' id='word_1_53' title='bbox 739 675 931 735; x_wconf 86' lang='lat' dir='ltr'><em>gnatis,</em></span> <span class='ocrx_word' id='word_1_54' title='bbox 966 668 1194 738; x_wconf 83' lang='lat' dir='ltr'><em>improbus</em></span> <span class='ocrx_word' id='word_1_55' title='bbox 1218 668 1345 719; x_wconf 86' lang='lat' dir='ltr'><em>ultro</em></span> 
     </span>
    </p>

    <p class='ocr_par' dir='ltr' id='par_1_9' title="bbox 101 739 1316 814">
     <span class='ocr_line' id='line_1_9' title="bbox 101 739 1316 814; baseline -0.003 -21"><span class='ocrx_word' id='word_1_56' title='bbox 101 744 206 814; x_wconf 78' lang='lat' dir='ltr'><em>Qi</em></span> <span class='ocrx_word' id='word_1_57' title='bbox 234 744 459 796; x_wconf 85' lang='lat' dir='ltr'><em>meliorem</em></span> <span class='ocrx_word' id='word_1_58' title='bbox 483 743 645 793; x_wconf 83' lang='lat' dir='ltr'><em>audax</em></span> <span class='ocrx_word' id='word_1_59' title='bbox 670 754 805 792; x_wconf 86' lang='lat' dir='ltr'><em>vocet</em></span> <span class='ocrx_word' id='word_1_60' title='bbox 830 746 881 790; x_wconf 88' lang='lat' dir='ltr'><em>in</em></span> <span class='ocrx_word' id='word_1_61' title='bbox 908 741 1040 808; x_wconf 88' lang='lat' dir='ltr'><em>Jus,</em></span> <span class='ocrx_word' id='word_1_62' title='bbox 1073 739 1199 790; x_wconf 87' lang='lat' dir='ltr'><em>illius</em></span> <span class='ocrx_word' id='word_1_63' title='bbox 1226 739 1316 810; x_wconf 75' lang='lat' dir='ltr'><em>esto</em></span> 
     </span>
    </p>

    <p class='ocr_par' dir='ltr' id='par_1_10' title="bbox 102 811 1446 886">
     <span class='ocr_line' id='line_1_10' title="bbox 102 811 1446 886; baseline -0.005 -21"><span class='ocrx_word' id='word_1_64' title='bbox 102 814 359 885; x_wconf 75' lang='lat' dir='ltr'><em>Defensor:</em></span> <span class='ocrx_word' id='word_1_65' title='bbox 378 816 522 886; x_wconf 87' lang='lat' dir='ltr'><em>fama</em></span> <span class='ocrx_word' id='word_1_66' title='bbox 548 818 695 863; x_wconf 86' lang='lat' dir='ltr'><em>civem</em></span> <span class='ocrx_word' id='word_1_67' title='bbox 721 811 943 882; x_wconf 77' lang='lat' dir='ltr'><em>causaque</em></span> <span class='ocrx_word' id='word_1_68' title='bbox 955 816 1159 880; x_wconf 79' lang='lat' dir='ltr'><em>priorem</em></span> <span class='ocrx_word' id='word_1_69' title='bbox 1379 827 1446 881; x_wconf 82' lang='lat'><em>30</em></span> 
     </span>
    </p>

    <p class='ocr_par' dir='ltr' id='par_1_11' title="bbox 90 883 1362 958">
     <span class='ocr_line' id='line_1_11' title="bbox 90 883 1362 958; baseline -0.001 -23"><span class='ocrx_word' id='word_1_70' title='bbox 90 890 298 952; x_wconf 77' lang='lat' dir='ltr'><em>Sperne,</em></span> <span class='ocrx_word' id='word_1_71' title='bbox 332 886 450 936; x_wconf 87' lang='lat' dir='ltr'><em>domi</em></span> <span class='ocrx_word' id='word_1_72' title='bbox 464 887 513 958; x_wconf 84' lang='lat' dir='ltr'><em>si</em></span> <span class='ocrx_word' id='word_1_73' title='bbox 527 896 702 948; x_wconf 88' lang='lat' dir='ltr'><em>gnatus</em></span> <span class='ocrx_word' id='word_1_74' title='bbox 727 888 849 951; x_wconf 87' lang='lat' dir='ltr'><em>erit,</em></span> <span class='ocrx_word' id='word_1_75' title='bbox 868 883 1156 954; x_wconf 82' lang='lat' dir='ltr'><em>foecundave</em></span> <span class='ocrx_word' id='word_1_76' title='bbox 1179 884 1362 950; x_wconf 84' lang='lat' dir='ltr'><em>conjux.</em></span> 
     </span>
    </p>

    <p class='ocr_par' dir='ltr' id='par_1_12' title="bbox 102 950 1456 1026">
     <span class='ocr_line' id='line_1_12' title="bbox 102 950 1456 1026; baseline -0.001 -20"><span class='ocrx_word' id='word_1_77' title='bbox 102 956 290 1026; x_wconf 72' lang='lat' dir='ltr'><em>Qinte</em></span> <span class='ocrx_word' id='word_1_78' title='bbox 301 969 449 1024; x_wconf 88' lang='lat' dir='ltr'><em>,puta</em></span> <span class='ocrx_word' id='word_1_79' title='bbox 461 997 478 1024; x_wconf 90' lang='lat'><em>,</em></span> <span class='ocrx_word' id='word_1_80' title='bbox 492 967 580 1005; x_wconf 90' lang='lat' dir='ltr'><em>aut</em></span> <span class='ocrx_word' id='word_1_81' title='bbox 603 954 743 1004; x_wconf 87' lang='lat' dir='ltr'><em>Publi</em></span> <span class='ocrx_word' id='word_1_82' title='bbox 772 954 996 1023; x_wconf 72' lang='lat' dir='ltr'><em>(gaudent</em></span> <span class='ocrx_word' id='word_1_83' title='bbox 999 958 1282 1021; x_wconf 85' lang='lat' dir='ltr'><em>praenomine</em></span> <span class='ocrx_word' id='word_1_84' title='bbox 1294 950 1456 1020; x_wconf 23' lang='lat' dir='ltr'><em>molles*</em></span> 
     </span>
    </p>

    <p class='ocr_par' dir='ltr' id='par_1_13' title="bbox 104 1024 1258 1096">
     <span class='ocr_line' id='line_1_13' title="bbox 104 1024 1258 1096; baseline -0.004 -19"><span class='ocrx_word' id='word_1_85' title='bbox 104 1027 371 1096; x_wconf 86' lang='lat' dir='ltr'><em>Auriculae)</em></span> <span class='ocrx_word' id='word_1_86' title='bbox 406 1027 494 1078; x_wconf 88' lang='lat' dir='ltr'><em>tibi</em></span> <span class='ocrx_word' id='word_1_87' title='bbox 520 1044 588 1075; x_wconf 87' lang='lat' dir='ltr'><em>me</em></span> <span class='ocrx_word' id='word_1_88' title='bbox 613 1030 776 1075; x_wconf 81' lang='lat' dir='ltr'><em>virtus</em></span> <span class='ocrx_word' id='word_1_89' title='bbox 804 1036 890 1074; x_wconf 90' lang='lat' dir='ltr'><em>tua</em></span> <span class='ocrx_word' id='word_1_90' title='bbox 898 1024 1023 1094; x_wconf 87' lang='lat' dir='ltr'><em>fecit</em></span> <span class='ocrx_word' id='word_1_91' title='bbox 1047 1029 1258 1077; x_wconf 81' lang='lat' dir='ltr'><em>amicum.</em></span> 
     </span>
    </p>

    <p class='ocr_par' dir='ltr' id='par_1_14' title="bbox 104 1095 1260 1165">
     <span class='ocr_line' id='line_1_14' title="bbox 104 1095 1260 1165; baseline -0.002 -18"><span class='ocrx_word' id='word_1_92' title='bbox 104 1100 208 1164; x_wconf 87' lang='lat' dir='ltr'><em>Jus</em></span> <span class='ocrx_word' id='word_1_93' title='bbox 234 1113 394 1165; x_wconf 87' lang='lat' dir='ltr'><em>anceps</em></span> <span class='ocrx_word' id='word_1_94' title='bbox 423 1102 569 1163; x_wconf 82' lang='lat' dir='ltr'><em>novi,</em></span> <span class='ocrx_word' id='word_1_95' title='bbox 604 1096 761 1164; x_wconf 83' lang='lat' dir='ltr'><em>causas</em></span> <span class='ocrx_word' id='word_1_96' title='bbox 787 1095 1027 1165; x_wconf 70' lang='lat' dir='ltr'><em>defendere</em></span> <span class='ocrx_word' id='word_1_97' title='bbox 1045 1097 1260 1163; x_wconf 68' lang='lat' dir='ltr'><em>poffum..</em></span> 
     </span>
    </p>

    <p class='ocr_par' dir='ltr' id='par_1_15' title="bbox 106 1165 1448 1237">
     <span class='ocr_line' id='line_1_15' title="bbox 106 1165 1448 1237; baseline -0.005 -19"><span class='ocrx_word' id='word_1_98' title='bbox 106 1172 296 1234; x_wconf 85' lang='lat' dir='ltr'><em>Eripiet</em></span> <span class='ocrx_word' id='word_1_99' title='bbox 322 1172 482 1237; x_wconf 80' lang='lat' dir='ltr'><em>quivis</em></span> <span class='ocrx_word' id='word_1_100' title='bbox 510 1165 653 1216; x_wconf 91' lang='lat' dir='ltr'><em>oculos</em></span> <span class='ocrx_word' id='word_1_101' title='bbox 681 1170 818 1215; x_wconf 86' lang='lat' dir='ltr'><em>citius</em></span> <span class='ocrx_word' id='word_1_102' title='bbox 841 1165 985 1231; x_wconf 80' lang='lat' dir='ltr'><em>mihi,</em></span> <span class='ocrx_word' id='word_1_103' title='bbox 1020 1181 1159 1233; x_wconf 79' lang='lat' dir='ltr'><em>quam</em></span> <span class='ocrx_word' id='word_1_104' title='bbox 1186 1176 1235 1214; x_wconf 90' lang='lat' dir='ltr'><em>te</em></span> <span class='ocrx_word' id='word_1_105' title='bbox 1382 1182 1448 1234; x_wconf 77' lang='lat'><em>35</em></span> 
     </span>
    </p>

    <p class='ocr_par' dir='ltr' id='par_1_16' title="bbox 107 1235 1449 1307">
     <span class='ocr_line' id='line_1_16' title="bbox 107 1235 1449 1307; baseline -0.003 -19"><span class='ocrx_word' id='word_1_106' title='bbox 107 1245 401 1288; x_wconf 78' lang='lat' dir='ltr'><em>contemtum</em></span> <span class='ocrx_word' id='word_1_107' title='bbox 426 1238 545 1307; x_wconf 79' lang='lat' dir='ltr'><em>caffiz</em></span> <span class='ocrx_word' id='word_1_108' title='bbox 570 1253 680 1286; x_wconf 86' lang='lat' dir='ltr'><em>nuce</em></span> <span class='ocrx_word' id='word_1_109' title='bbox 700 1248 940 1303; x_wconf 85' lang='lat' dir='ltr'><em>pauperet.</em></span> <span class='ocrx_word' id='word_1_110' title='bbox 973 1240 1090 1284; x_wconf 85' lang='lat' dir='ltr'><em>Haec</em></span> <span class='ocrx_word' id='word_1_111' title='bbox 1117 1252 1218 1284; x_wconf 83' lang='lat' dir='ltr'><em>mea</em></span> <span class='ocrx_word' id='word_1_112' title='bbox 1231 1235 1449 1303; x_wconf 87' lang='lat' dir='ltr'><em>curaest,</em></span> 
     </span>
    </p>

    <p class='ocr_par' dir='ltr' id='par_1_17' title="bbox 108 1305 1453 1377">
     <span class='ocr_line' id='line_1_17' title="bbox 108 1305 1453 1377; baseline -0.003 -19"><span class='ocrx_word' id='word_1_113' title='bbox 108 1312 188 1359; x_wconf 90' lang='lat' dir='ltr'><em>Ne</em></span> <span class='ocrx_word' id='word_1_114' title='bbox 213 1310 330 1376; x_wconf 83' lang='lat' dir='ltr'><em>quid</em></span> <span class='ocrx_word' id='word_1_115' title='bbox 339 1320 394 1357; x_wconf 90' lang='lat' dir='ltr'><em>tu</em></span> <span class='ocrx_word' id='word_1_116' title='bbox 414 1308 585 1374; x_wconf 84' lang='lat' dir='ltr'><em>perdas</em></span> <span class='ocrx_word' id='word_1_117' title='bbox 600 1324 716 1373; x_wconf 86' lang='lat' dir='ltr'><em>,neu</em></span> <span class='ocrx_word' id='word_1_118' title='bbox 731 1306 798 1377; x_wconf 82' lang='lat' dir='ltr'><em>fis</em></span> <span class='ocrx_word' id='word_1_119' title='bbox 811 1308 957 1372; x_wconf 87' lang='lat' dir='ltr'><em>jocus.</em></span> <span class='ocrx_word' id='word_1_120' title='bbox 994 1305 1453 1374; x_wconf 70' lang='lat' dir='ltr'><em>Ire‘domum,atque</em></span> 
     </span>
    </p>

    <p class='ocr_par' dir='ltr' id='par_1_18' title="bbox 105 1375 1170 1446">
     <span class='ocr_line' id='line_1_18' title="bbox 105 1375 1170 1446; baseline -0.002 -18"><span class='ocrx_word' id='word_1_121' title='bbox 105 1376 375 1428; x_wconf 88' lang='lat' dir='ltr'><em>Pelliculam</em></span> <span class='ocrx_word' id='word_1_122' title='bbox 400 1394 561 1427; x_wconf 88' lang='lat' dir='ltr'><em>curare</em></span> <span class='ocrx_word' id='word_1_123' title='bbox 574 1377 692 1442; x_wconf 86' lang='lat' dir='ltr'><em>jube</em></span> <span class='ocrx_word' id='word_1_124' title='bbox 709 1395 724 1425; x_wconf 89' lang='lat'><em>:</em></span> <span class='ocrx_word' id='word_1_125' title='bbox 746 1376 815 1446; x_wconf 82' lang='lat' dir='ltr'><em>fis</em></span> <span class='ocrx_word' id='word_1_126' title='bbox 841 1379 1043 1437; x_wconf 83' lang='lat' dir='ltr'><em>cognitor</em></span> <span class='ocrx_word' id='word_1_127' title='bbox 1064 1375 1170 1443; x_wconf 68' lang='lat' dir='ltr'><strong><em>iPfi&#39;·</em></strong></span> 
     </span>
    </p>

    <p class='ocr_par' dir='ltr' id='par_1_19' title="bbox 92 1442 1395 1518">
     <span class='ocr_line' id='line_1_19' title="bbox 92 1442 1395 1518; baseline -0.002 -19"><span class='ocrx_word' id='word_1_128' title='bbox 92 1448 300 1518; x_wconf 81' lang='lat' dir='ltr'><em>Persta,</em></span> <span class='ocrx_word' id='word_1_129' title='bbox 330 1459 475 1518; x_wconf 84' lang='lat' dir='ltr'><em>atque</em></span> <span class='ocrx_word' id='word_1_130' title='bbox 499 1447 704 1518; x_wconf 73' lang='lat' dir='ltr'><em>obdura,</em></span> <span class='ocrx_word' id='word_1_131' title='bbox 726 1447 812 1516; x_wconf 75' lang='lat' dir='ltr'><em>fiu</em></span> <span class='ocrx_word' id='word_1_132' title='bbox 839 1445 984 1496; x_wconf 75' lang='lat' dir='ltr'><em>rubra</em></span> <span class='ocrx_word' id='word_1_133' title='bbox 1009 1442 1217 1495; x_wconf 84' lang='lat' dir='ltr'><em>canicula</em></span> <span class='ocrx_word' id='word_1_134' title='bbox 1228 1443 1395 1516; x_wconf 79' lang='lat' dir='ltr'><em>findet</em></span> 
     </span>
    </p>

    <p class='ocr_par' dir='ltr' id='par_1_20' title="bbox 108 1516 1453 1589">
     <span class='ocr_line' id='line_1_20' title="bbox 108 1516 1453 1589; baseline -0.004 -19"><span class='ocrx_word' id='word_1_135' title='bbox 108 1520 329 1589; x_wconf 86' lang='lat' dir='ltr'><em>Infantes</em></span> <span class='ocrx_word' id='word_1_136' title='bbox 341 1518 565 1589; x_wconf 79' lang='lat' dir='ltr'><em>statuas,</em></span> <span class='ocrx_word' id='word_1_137' title='bbox 586 1518 671 1588; x_wconf 67' lang='lat' dir='ltr'><em>seu</em></span> <span class='ocrx_word' id='word_1_138' title='bbox 689 1523 853 1587; x_wconf 86' lang='lat' dir='ltr'><em>pingui</em></span> <span class='ocrx_word' id='word_1_139' title='bbox 879 1527 1040 1567; x_wconf 86' lang='lat' dir='ltr'><em>tentus</em></span> <span class='ocrx_word' id='word_1_140' title='bbox 1067 1516 1213 1586; x_wconf 78' lang='lat' dir='ltr'><em>omaso</em></span> <span class='ocrx_word' id='word_1_141' title='bbox 1379 1533 1453 1587; x_wconf 77' lang='lat'><em>40</em></span> 
     </span>
    </p>

    <p class='ocr_par' dir='ltr' id='par_1_21' title="bbox 108 1587 1234 1661">
     <span class='ocr_line' id='line_1_21' title="bbox 108 1587 1234 1661; baseline -0.002 -21"><span class='ocrx_word' id='word_1_142' title='bbox 108 1595 279 1641; x_wconf 83' lang='lat' dir='ltr'><em>Furius</em></span> <span class='ocrx_word' id='word_1_143' title='bbox 305 1589 532 1661; x_wconf 84' lang='lat' dir='ltr'><em>hybernas</em></span> <span class='ocrx_word' id='word_1_144' title='bbox 556 1607 675 1639; x_wconf 90' lang='lat' dir='ltr'><em>cana</em></span> <span class='ocrx_word' id='word_1_145' title='bbox 700 1595 814 1641; x_wconf 83' lang='lat' dir='ltr'><em>nive</em></span> <span class='ocrx_word' id='word_1_146' title='bbox 839 1589 1045 1659; x_wconf 73' lang='lat' dir='ltr'><em>conspuet</em></span> <span class='ocrx_word' id='word_1_147' title='bbox 1071 1587 1234 1656; x_wconf 85' lang='lat' dir='ltr'><em>Alpes.</em></span> 
     </span>
    </p>

    <p class='ocr_par' dir='ltr' id='par_1_22' title="bbox 98 1660 1440 1732">
     <span class='ocr_line' id='line_1_22' title="bbox 98 1660 1440 1732; baseline -0.004 -18"><span class='ocrx_word' id='word_1_148' title='bbox 98 1664 282 1714; x_wconf 77' lang='lat' dir='ltr'><em>·Nonne</em></span> <span class='ocrx_word' id='word_1_149' title='bbox 302 1661 437 1712; x_wconf 83' lang='lat' dir='ltr'><em>vides</em></span> <span class='ocrx_word' id='word_1_150' title='bbox 453 1660 659 1732; x_wconf 66' lang='lat' dir='ltr'><em>(aliquis</em></span> <span class='ocrx_word' id='word_1_151' title='bbox 685 1661 835 1712; x_wconf 87' lang='lat' dir='ltr'><em>cubito</em></span> <span class='ocrx_word' id='word_1_152' title='bbox 848 1660 1058 1730; x_wconf 85' lang='lat' dir='ltr'><em>stantem</em></span> <span class='ocrx_word' id='word_1_153' title='bbox 1073 1675 1214 1727; x_wconf 88' lang='lat' dir='ltr'><em>prope</em></span> <span class='ocrx_word' id='word_1_154' title='bbox 1238 1669 1440 1725; x_wconf 13' lang='lat' dir='ltr'><em>tangens*</em></span> 
     </span>
    </p>

    <p class='ocr_par' dir='ltr' id='par_1_23' title="bbox 109 1731 1383 1802">
     <span class='ocr_line' id='line_1_23' title="bbox 109 1731 1383 1802; baseline -0.003 -20"><span class='ocrx_word' id='word_1_155' title='bbox 109 1735 324 1802; x_wconf 79' lang='lat' dir='ltr'><em>Inquiet)</em></span> <span class='ocrx_word' id='word_1_156' title='bbox 342 1744 410 1782; x_wconf 72' lang='lat' dir='ltr'><em>’‘ut</em></span> <span class='ocrx_word' id='word_1_157' title='bbox 425 1733 650 1800; x_wconf 80' lang='lat' dir='ltr'><em>patiens?</em></span> <span class='ocrx_word' id='word_1_158' title='bbox 683 1744 739 1783; x_wconf 88' lang='lat' dir='ltr'><em>ut</em></span> <span class='ocrx_word' id='word_1_159' title='bbox 765 1735 924 1782; x_wconf 82' lang='lat' dir='ltr'><em>amicis</em></span> <span class='ocrx_word' id='word_1_160' title='bbox 948 1732 1120 1799; x_wconf 80' lang='lat' dir='ltr'><em>aptus?</em></span> <span class='ocrx_word' id='word_1_161' title='bbox 1153 1744 1210 1781; x_wconf 89' lang='lat' dir='ltr'><em>ut</em></span> <span class='ocrx_word' id='word_1_162' title='bbox 1240 1746 1345 1779; x_wconf 90' lang='lat' dir='ltr'><em>acer</em></span> <span class='ocrx_word' id='word_1_163' title='bbox 1360 1731 1383 1778; x_wconf 76' lang='lat'><em>‚2</em></span> 
     </span>
    </p>

    <p class='ocr_par' dir='ltr' id='par_1_24' title="bbox 105 1799 1305 1872">
     <span class='ocr_line' id='line_1_24' title="bbox 105 1799 1305 1872; baseline 0.003 -21"><span class='ocrx_word' id='word_1_164' title='bbox 105 1802 276 1852; x_wconf 73' lang='lat' dir='ltr'><em>‘Plures</em></span> <span class='ocrx_word' id='word_1_165' title='bbox 302 1803 550 1853; x_wconf 82' lang='lat' dir='ltr'><em>annabunt</em></span> <span class='ocrx_word' id='word_1_166' title='bbox 572 1803 766 1872; x_wconf 81' lang='lat' dir='ltr'><em>thynni,</em></span> <span class='ocrx_word' id='word_1_167' title='bbox 801 1799 865 1860; x_wconf 53' lang='grc' dir='ltr'><em>ἔφ’</em></span> <span class='ocrx_word' id='word_1_168' title='bbox 890 1808 1068 1853; x_wconf 88' lang='lat' dir='ltr'><em>cetaria</em></span> <span class='ocrx_word' id='word_1_169' title='bbox 1094 1803 1305 1872; x_wconf 73' lang='lat' dir='ltr'><em>crescent.</em></span> 
     </span>
    </p>

    <p class='ocr_par' dir='ltr' id='par_1_25' title="bbox 112 1871 1452 1941">
     <span class='ocr_line' id='line_1_25' title="bbox 112 1871 1452 1941; baseline 0 -20"><span class='ocrx_word' id='word_1_170' title='bbox 112 1877 163 1921; x_wconf 87' lang='lat' dir='ltr'><em>Si</em></span> <span class='ocrx_word' id='word_1_171' title='bbox 188 1878 257 1921; x_wconf 85' lang='lat' dir='ltr'><em>cui</em></span> <span class='ocrx_word' id='word_1_172' title='bbox 272 1885 506 1938; x_wconf 64' lang='lat' dir='ltr'><em>praeterea</em></span> <span class='ocrx_word' id='word_1_173' title='bbox 532 1872 723 1921; x_wconf 81' lang='lat' dir='ltr'><em>validus</em></span> <span class='ocrx_word' id='word_1_174' title='bbox 747 1871 864 1921; x_wconf 80' lang='lat' dir='ltr'><em>male</em></span> <span class='ocrx_word' id='word_1_175' title='bbox 878 1872 1014 1941; x_wconf 85' lang='lat' dir='ltr'><em>filius</em></span> <span class='ocrx_word' id='word_1_176' title='bbox 1041 1878 1092 1922; x_wconf 85' lang='lat' dir='ltr'><em>in</em></span> <span class='ocrx_word' id='word_1_177' title='bbox 1118 1891 1168 1921; x_wconf 90' lang='lat' dir='ltr'><em>re</em></span> <span class='ocrx_word' id='word_1_178' title='bbox 1380 1888 1452 1941; x_wconf 80' lang='lat'><em>45</em></span> 
     </span>
    </p>

    <p class='ocr_par' dir='ltr' id='par_1_26' title="bbox 56 1941 1208 2012">
     <span class='ocr_line' id='line_1_26' title="bbox 56 1941 1208 2012; baseline 0 -22"><span class='ocrx_word' id='word_1_179' title='bbox 56 1948 66 1954; x_wconf 87' lang='grc'><em>“</em></span> <span class='ocrx_word' id='word_1_180' title='bbox 115 1942 355 1992; x_wconf 81' lang='lat' dir='ltr'><em>Praeclara</em></span> <span class='ocrx_word' id='word_1_181' title='bbox 371 1942 592 2011; x_wconf 73' lang='lat' dir='ltr'><em>sublatus</em></span> <span class='ocrx_word' id='word_1_182' title='bbox 620 1941 806 2003; x_wconf 90' lang='lat' dir='ltr'><em>aletur,</em></span> <span class='ocrx_word' id='word_1_183' title='bbox 839 1959 895 1990; x_wconf 86' lang='lat' dir='ltr'><em>ne</em></span> <span class='ocrx_word' id='word_1_184' title='bbox 919 1943 1208 2012; x_wconf 67' lang='lat' dir='ltr'><em>manifestum</em></span> 
     </span>
    </p>

    <p class='ocr_par' dir='ltr' id='par_1_27' title="bbox 113 2010 1262 2082">
     <span class='ocr_line' id='line_1_27' title="bbox 113 2010 1262 2082; baseline 0 -20"><span class='ocrx_word' id='word_1_185' title='bbox 113 2010 300 2062; x_wconf 85' lang='lat' dir='ltr'><em>Coelibis</em></span> <span class='ocrx_word' id='word_1_186' title='bbox 321 2013 576 2082; x_wconf 72' lang='lat' dir='ltr'><em>obsequium</em></span> <span class='ocrx_word' id='word_1_187' title='bbox 601 2012 746 2063; x_wconf 86' lang='lat' dir='ltr'><em>nudet</em></span> <span class='ocrx_word' id='word_1_188' title='bbox 770 2023 845 2080; x_wconf 89' lang='lat' dir='ltr'><em>te,</em></span> <span class='ocrx_word' id='word_1_189' title='bbox 877 2010 1046 2062; x_wconf 86' lang='lat' dir='ltr'><em>leniter</em></span> <span class='ocrx_word' id='word_1_190' title='bbox 1070 2017 1120 2062; x_wconf 88' lang='lat' dir='ltr'><em>in</em></span> <span class='ocrx_word' id='word_1_191' title='bbox 1131 2012 1262 2081; x_wconf 76' lang='lat' dir='ltr'><em>spem</em></span> 
     </span>
    </p>

    <p class='ocr_par' dir='ltr' id='par_1_28' title="bbox 115 2081 1222 2153">
     <span class='ocr_line' id='line_1_28' title="bbox 115 2081 1222 2153; baseline -0.002 -19"><span class='ocrx_word' id='word_1_192' title='bbox 115 2087 303 2151; x_wconf 82' lang='lat' dir='ltr'><em>Arrepe</em></span> <span class='ocrx_word' id='word_1_193' title='bbox 329 2083 574 2151; x_wconf 74' lang='lat' dir='ltr'><em>offi&#39;ciofiis:</em></span> <span class='ocrx_word' id='word_1_194' title='bbox 608 2095 664 2133; x_wconf 91' lang='lat' dir='ltr'><em>ut</em></span> <span class='ocrx_word' id='word_1_195' title='bbox 691 2082 754 2142; x_wconf 67' lang='lat'><em>&amp;⁴</em></span> <span class='ocrx_word' id='word_1_196' title='bbox 768 2081 978 2153; x_wconf 74' lang='lat' dir='ltr'><em>scribare</em></span> <span class='ocrx_word' id='word_1_197' title='bbox 992 2083 1222 2153; x_wconf 81' lang='lat' dir='ltr'><em>secundus</em></span> 
     </span>
    </p>

    <p class='ocr_par' dir='ltr' id='par_1_29' title="bbox 114 2153 1329 2224">
     <span class='ocr_line' id='line_1_29' title="bbox 114 2153 1329 2224; baseline 0 -21"><span class='ocrx_word' id='word_1_198' title='bbox 114 2157 292 2217; x_wconf 89' lang='lat' dir='ltr'><em>Heres,</em></span> <span class='ocrx_word' id='word_1_199' title='bbox 327 2153 421 2224; x_wconf 50' lang='grc' dir='ltr'><em>ῤ’,</em></span> <span class='ocrx_word' id='word_1_200' title='bbox 444 2155 493 2224; x_wconf 85' lang='grc' dir='ltr'><em>]ἷ</em></span> <span class='ocrx_word' id='word_1_201' title='bbox 517 2158 618 2222; x_wconf 78' lang='lat' dir='ltr'><em>quis</em></span> <span class='ocrx_word' id='word_1_202' title='bbox 645 2154 771 2223; x_wconf 78' lang='lat' dir='ltr'><em>casus</em></span> <span class='ocrx_word' id='word_1_203' title='bbox 786 2169 981 2222; x_wconf 84' lang='lat' dir='ltr'><em>puerum</em></span> <span class='ocrx_word' id='word_1_204' title='bbox 1009 2159 1154 2217; x_wconf 86' lang='lat' dir='ltr'><em>egerit</em></span> <span class='ocrx_word' id='word_1_205' title='bbox 1179 2158 1297 2203; x_wconf 88' lang='lat' dir='ltr'><em>Orco</em></span> <span class='ocrx_word' id='word_1_206' title='bbox 1307 2157 1329 2217; x_wconf 77' lang='lat'><em>,</em></span> 
     </span>
    </p>

    <p class='ocr_par' dir='ltr' id='par_1_30' title="bbox 114 2224 1454 2297">
     <span class='ocr_line' id='line_1_30' title="bbox 114 2224 1454 2297; baseline 0.001 -23"><span class='ocrx_word' id='word_1_207' title='bbox 114 2228 176 2274; x_wconf 90' lang='lat' dir='ltr'><em>In</em></span> <span class='ocrx_word' id='word_1_208' title='bbox 201 2243 400 2274; x_wconf 86' lang='lat' dir='ltr'><em>vacuum</em></span> <span class='ocrx_word' id='word_1_209' title='bbox 427 2230 609 2276; x_wconf 85' lang='lat' dir='ltr'><em>venias.</em></span> <span class='ocrx_word' id='word_1_210' title='bbox 629 2226 831 2292; x_wconf 70' lang='lat' dir='ltr'><em>perraro</em></span> <span class='ocrx_word' id='word_1_211' title='bbox 854 2224 950 2274; x_wconf 84' lang='lat' dir='ltr'><em>haec</em></span> <span class='ocrx_word' id='word_1_212' title='bbox 977 2225 1081 2275; x_wconf 88' lang='lat' dir='ltr'><em>alea</em></span> <span class='ocrx_word' id='word_1_213' title='bbox 1094 2224 1255 2296; x_wconf 87' lang='lat' dir='ltr'><em>fallit.</em></span> <span class='ocrx_word' id='word_1_214' title='bbox 1386 2241 1454 2297; x_wconf 74' lang='lat'><em>50</em></span> 
     </span>
    </p>

    <p class='ocr_par' dir='ltr' id='par_1_31' title="bbox 115 2293 1386 2365">
     <span class='ocr_line' id='line_1_31' title="bbox 115 2293 1386 2365; baseline 0 -22"><span class='ocrx_word' id='word_1_215' title='bbox 115 2293 220 2364; x_wconf 81' lang='lat' dir='ltr'><em>Qi</em></span> <span class='ocrx_word' id='word_1_216' title='bbox 248 2295 582 2363; x_wconf 80' lang='lat' dir='ltr'><em>Testamentum</em></span> <span class='ocrx_word' id='word_1_217' title='bbox 606 2296 769 2345; x_wconf 87' lang='lat' dir='ltr'><em>tradet</em></span> <span class='ocrx_word' id='word_1_218' title='bbox 794 2296 883 2345; x_wconf 86' lang='lat' dir='ltr'><em>tibi</em></span> <span class='ocrx_word' id='word_1_219' title='bbox 911 2313 1093 2365; x_wconf 77' lang='lat' dir='ltr'><em>cumque</em></span> <span class='ocrx_word' id='word_1_220' title='bbox 1120 2293 1386 2364; x_wconf 75' lang='lat' dir='ltr'><em>legendum,</em></span> 
     </span>
    </p>

    <p class='ocr_par' dir='ltr' id='par_1_32' title="bbox 118 2365 1360 2429">
     <span class='ocr_line' id='line_1_32' title="bbox 118 2365 1360 2429; baseline 0.002 -15"><span class='ocrx_word' id='word_1_221' title='bbox 118 2366 375 2429; x_wconf 89' lang='lat' dir='ltr'><em>Abnuere,</em></span> <span class='ocrx_word' id='word_1_222' title='bbox 409 2365 472 2424; x_wconf 61' lang='grc' dir='ltr'><em>ὠ·</em></span> <span class='ocrx_word' id='word_1_223' title='bbox 501 2365 689 2416; x_wconf 88' lang='lat' dir='ltr'><em>tabulas</em></span> <span class='ocrx_word' id='word_1_224' title='bbox 716 2366 746 2416; x_wconf 70' lang='lat' dir='ltr'><em>a</em></span> <span class='ocrx_word' id='word_1_225' title='bbox 775 2377 822 2415; x_wconf 89' lang='lat' dir='ltr'><em>te</em></span> <span class='ocrx_word' id='word_1_226' title='bbox 850 2383 1084 2418; x_wconf 87' lang='lat' dir='ltr'><em>removere</em></span> <span class='ocrx_word' id='word_1_227' title='bbox 1106 2377 1328 2416; x_wconf 85' lang='lat' dir='ltr'><em>memento</em></span> <span class='ocrx_word' id='word_1_228' title='bbox 1344 2383 1360 2416; x_wconf 87' lang='lat'><em>.·</em></span> 
     </span>
    </p>

    <p class='ocr_par' dir='ltr' id='par_1_33' title="bbox 118 2434 1310 2507">
     <span class='ocr_line' id='line_1_33' title="bbox 118 2434 1310 2507; baseline 0.005 -26"><span class='ocrx_word' id='word_1_229' title='bbox 118 2439 192 2482; x_wconf 87' lang='lat' dir='ltr'><em>Sic</em></span> <span class='ocrx_word' id='word_1_230' title='bbox 221 2446 379 2484; x_wconf 87' lang='lat' dir='ltr'><em>tamen</em></span> <span class='ocrx_word' id='word_1_231' title='bbox 406 2447 461 2485; x_wconf 81' lang='lat' dir='ltr'><em>ut</em></span> <span class='ocrx_word' id='word_1_232' title='bbox 486 2434 606 2486; x_wconf 85' lang='lat' dir='ltr'><em>limis</em></span> <span class='ocrx_word' id='word_1_233' title='bbox 632 2442 789 2503; x_wconf 85' lang='lat' dir='ltr'><em>rapias</em></span> <span class='ocrx_word' id='word_1_234' title='bbox 814 2438 931 2506; x_wconf 78' lang='lat' dir='ltr'><em>quid</em></span> <span class='ocrx_word' id='word_1_235' title='bbox 938 2442 1096 2505; x_wconf 87' lang='lat' dir='ltr'><em>prima</em></span> <span class='ocrx_word' id='word_1_236' title='bbox 1110 2437 1310 2507; x_wconf 74' lang='lat' dir='ltr'><em>secundo</em></span> 
     </span>
    </p>

    <p class='ocr_par' dir='ltr' id='par_1_34' title="bbox 121 2503 1249 2577">
     <span class='ocr_line' id='line_1_34' title="bbox 121 2503 1249 2577; baseline 0.004 -23"><span class='ocrx_word' id='word_1_237' title='bbox 121 2510 242 2554; x_wconf 88' lang='lat' dir='ltr'><em>Cera</em></span> <span class='ocrx_word' id='word_1_238' title='bbox 269 2503 391 2554; x_wconf 86' lang='lat' dir='ltr'><em>velit</em></span> <span class='ocrx_word' id='word_1_239' title='bbox 413 2507 551 2574; x_wconf 68' lang='lat' dir='ltr'><em>versic</em></span> <span class='ocrx_word' id='word_1_240' title='bbox 566 2542 583 2569; x_wconf 91' lang='lat'><em>,</em></span> <span class='ocrx_word' id='word_1_241' title='bbox 604 2506 730 2574; x_wconf 67' lang='lat' dir='ltr'><em>fidus</em></span> <span class='ocrx_word' id='word_1_242' title='bbox 746 2547 762 2573; x_wconf 84' lang='lat'><em>,</em></span> <span class='ocrx_word' id='word_1_243' title='bbox 795 2507 1011 2577; x_wconf 74' lang='lat' dir='ltr'><em>multisne</em></span> <span class='ocrx_word' id='word_1_244' title='bbox 1039 2508 1249 2577; x_wconf 78' lang='lat' dir='ltr'><em>coheres,</em></span> 
     </span>
    </p>

    <p class='ocr_par' dir='ltr' id='par_1_35' title="bbox 123 2572 1457 2712">
     <span class='ocr_line' id='line_1_35' title="bbox 123 2572 1454 2647; baseline 0.008 -23"><span class='ocrx_word' id='word_1_245' title='bbox 123 2572 268 2624; x_wconf 89' lang='lat' dir='ltr'><em>Veloci</em></span> <span class='ocrx_word' id='word_1_246' title='bbox 283 2589 499 2641; x_wconf 88' lang='lat' dir='ltr'><em>percurre</em></span> <span class='ocrx_word' id='word_1_247' title='bbox 525 2575 659 2627; x_wconf 88' lang='lat' dir='ltr'><em>oculo.</em></span> <span class='ocrx_word' id='word_1_248' title='bbox 682 2577 951 2647; x_wconf 80' lang='lat' dir='ltr'><em>plerumque</em></span> <span class='ocrx_word' id='word_1_249' title='bbox 976 2582 1176 2632; x_wconf 60' lang='lat' dir='ltr'><em>recoctus</em></span> <span class='ocrx_word' id='word_1_250' title='bbox 1387 2587 1416 2643; x_wconf 73' lang='grc' dir='ltr'><strong>ς</strong></span> <span class='ocrx_word' id='word_1_251' title='bbox 1425 2590 1454 2644; x_wconf 84' lang='lat'>5</span> 
     </span>
     <span class='ocr_line' id='line_1_36' title="bbox 1333 2651 1457 2712; baseline -0.016 -13"><span class='ocrx_word' id='word_1_252' title='bbox 1333 2651 1457 2712; x_wconf 60' lang='lat' dir='ltr'><em>scri-j</em></span> 
     </span>
    </p>

    <p class='ocr_par' dir='ltr' id='par_1_36' title="bbox 179 2734 989 2789">
     <span class='ocr_line' id='line_1_37' title="bbox 179 2734 989 2789; baseline 0.006 -16"><span class='ocrx_word' id='word_1_253' title='bbox 179 2734 232 2774; x_wconf 80' lang='lat'><em>28</em></span> <span class='ocrx_word' id='word_1_254' title='bbox 260 2734 372 2775; x_wconf 76' lang='lat' dir='ltr'><em>natis.</em></span> <span class='ocrx_word' id='word_1_255' title='bbox 435 2747 480 2788; x_wconf 82' lang='lat'><em>31</em></span> <span class='ocrx_word' id='word_1_256' title='bbox 511 2744 637 2777; x_wconf 80' lang='lat' dir='ltr'><em>natus.</em></span> <span class='ocrx_word' id='word_1_257' title='bbox 698 2737 743 2788; x_wconf 81' lang='lat'><em>38</em></span> <span class='ocrx_word' id='word_1_258' title='bbox 767 2735 804 2784; x_wconf 86' lang='lat' dir='ltr'><strong><em>fi</em></strong></span> <span class='ocrx_word' id='word_1_259' title='bbox 825 2737 989 2789; x_wconf 76' lang='lat' dir='ltr'><em>cognitor.</em></span> 
     </span>
    </p>
   </div>
   <div class='ocr_carea' id='block_1_3' title="bbox 732 2787 859 2861">
    <p class='ocr_par' dir='ltr' id='par_1_37' title="bbox 732 2787 859 2861">
     <span class='ocr_line' id='line_1_38' title="bbox 732 2787 859 2861; baseline 0 0"><span class='ocrx_word' id='word_1_260' title='bbox 732 2787 859 2861; x_wconf 79' lang='lat' dir='ltr'><em>H4</em></span> 
     </span>
    </p>
   </div>
  </div>
 </body>
</html>
