<?xml version="1.0" encoding="UTF-8"?>
<!DOCTYPE html PUBLIC "-//W3C//DTD XHTML 1.0 Transitional//EN"
    "http://www.w3.org/TR/xhtml1/DTD/xhtml1-transitional.dtd">
<html xmlns="http://www.w3.org/1999/xhtml" xml:lang="en" lang="en">
 <head>
  <title>
</title>
<meta http-equiv="Content-Type" content="text/html;charset=utf-8" />
  <meta name='ocr-system' content='tesseract 3.04.00' />
  <meta name='ocr-capabilities' content='ocr_page ocr_carea ocr_par ocr_line ocrx_word'/>
</head>
<body>
  <div class='ocr_page' id='page_1' title='image "./oeuvresdhoraceen06hora_0229.png"; bbox 0 0 1663 3010; ppageno 0'>
   <div class='ocr_carea' id='block_1_1' title="bbox 298 158 1422 232">
    <p class='ocr_par' dir='ltr' id='par_1_1' title="bbox 298 158 1422 232">
     <span class='ocr_line' id='line_1_1' title="bbox 298 158 1422 232; baseline 0.004 -16"><span class='ocrx_word' id='word_1_1' title='bbox 298 161 643 216; x_wconf 64' lang='lat' dir='ltr'><em>S&#39;A&#39;r1RA</em></span> <span class='ocrx_word' id='word_1_2' title='bbox 713 158 1192 215; x_wconf 66' lang='lat' dir='ltr'>VI1L13.11.</span> <span class='ocrx_word' id='word_1_3' title='bbox 1315 180 1422 232; x_wconf 85' lang='lat'><em>217</em></span> 
     </span>
    </p>
   </div>
   <div class='ocr_carea' id='block_1_2' title="bbox 15 238 1500 2689">
    <p class='ocr_par' dir='ltr' id='par_1_2' title="bbox 30 238 1500 1369">
     <span class='ocr_line' id='line_1_2' title="bbox 86 238 1500 323; baseline 0.001 -25"><span class='ocrx_word' id='word_1_4' title='bbox 86 245 285 318; x_wconf 75' lang='lat' dir='ltr'><em>Qia&#39;ve</em></span> <span class='ocrx_word' id='word_1_5' title='bbox 308 248 377 298; x_wconf 89' lang='lat' dir='ltr'><em>ad</em></span> <span class='ocrx_word' id='word_1_6' title='bbox 398 247 772 314; x_wconf 63' lang='lat' dir='ltr'><em>amicitias-‚ustas</em></span> <span class='ocrx_word' id='word_1_7' title='bbox 794 248 1024 295; x_wconf 68' lang='lat' dir='ltr'><em>rectumne</em></span> <span class='ocrx_word' id='word_1_8' title='bbox 1050 247 1220 297; x_wconf 87' lang='lat' dir='ltr'><em>trahat</em></span> <span class='ocrx_word' id='word_1_9' title='bbox 1242 264 1340 318; x_wconf 78' lang='lat' dir='ltr'><em>nos,</em></span> <span class='ocrx_word' id='word_1_10' title='bbox 1357 268 1421 323; x_wconf 83' lang='lat'><em>75</em></span> <span class='ocrx_word' id='word_1_11' title='bbox 1493 238 1500 248; x_wconf 76' lang='grc'>’</span> 
     </span>
     <span class='ocr_line' id='line_1_3' title="bbox 87 315 1345 389; baseline 0.002 -22"><span class='ocrx_word' id='word_1_12' title='bbox 87 323 162 367; x_wconf 89' lang='lat' dir='ltr'><em>Et</em></span> <span class='ocrx_word' id='word_1_13' title='bbox 185 334 289 386; x_wconf 81' lang='lat' dir='ltr'><em>quae</em></span> <span class='ocrx_word' id='word_1_14' title='bbox 302 318 371 389; x_wconf 83' lang='lat' dir='ltr'><em>fit</em></span> <span class='ocrx_word' id='word_1_15' title='bbox 397 328 575 366; x_wconf 86' lang='lat' dir='ltr'><em>natura</em></span> <span class='ocrx_word' id='word_1_16' title='bbox 602 316 734 381; x_wconf 76' lang='lat' dir='ltr'><em>boni,</em></span> <span class='ocrx_word' id='word_1_17' title='bbox 756 315 1074 384; x_wconf 70' lang='lat' dir='ltr'><em>stcmmumque</em></span> <span class='ocrx_word' id='word_1_18' title='bbox 1099 318 1215 384; x_wconf 67' lang='lat' dir='ltr'><em>quid</em></span> <span class='ocrx_word' id='word_1_19' title='bbox 1233 321 1345 387; x_wconf 77' lang='lat' dir='ltr'><em>ejus.</em></span> 
     </span>
     <span class='ocr_line' id='line_1_4' title="bbox 87 386 1190 453; baseline -0.001 -16"><span class='ocrx_word' id='word_1_20' title='bbox 87 393 315 453; x_wconf 82' lang='lat' dir='ltr'><em>Cervius,</em></span> <span class='ocrx_word' id='word_1_21' title='bbox 348 387 444 436; x_wconf 83' lang='lat' dir='ltr'><em>haec</em></span> <span class='ocrx_word' id='word_1_22' title='bbox 466 391 623 449; x_wconf 77' lang='lat' dir='ltr'><em>inter,</em></span> <span class='ocrx_word' id='word_1_23' title='bbox 654 391 839 433; x_wconf 79' lang='lat' dir='ltr'><em>vict&#39;nus</em></span> <span class='ocrx_word' id='word_1_24' title='bbox 858 391 1017 448; x_wconf 78' lang='lat' dir='ltr'><em>garrit</em></span> <span class='ocrx_word' id='word_1_25' title='bbox 1045 386 1190 437; x_wconf 87' lang='lat' dir='ltr'><em>aniles</em></span> 
     </span>
     <span class='ocr_line' id='line_1_5' title="bbox 86 453 1251 527; baseline -0.001 -20"><span class='ocrx_word' id='word_1_26' title='bbox 86 461 172 506; x_wconf 84' lang='lat' dir='ltr'><em>Ex</em></span> <span class='ocrx_word' id='word_1_27' title='bbox 196 475 244 506; x_wconf 90' lang='lat' dir='ltr'><em>re</em></span> <span class='ocrx_word' id='word_1_28' title='bbox 257 455 479 527; x_wconf 82' lang='lat' dir='ltr'><em>fabellas.</em></span> <span class='ocrx_word' id='word_1_29' title='bbox 546 458 679 503; x_wconf 86' lang='lat' dir='ltr'><em>Nam</em></span> <span class='ocrx_word' id='word_1_30' title='bbox 694 455 743 524; x_wconf 86' lang='lat' dir='ltr'><em>fi</em></span> <span class='ocrx_word' id='word_1_31' title='bbox 765 459 866 520; x_wconf 79' lang='lat' dir='ltr'><em>quis</em></span> <span class='ocrx_word' id='word_1_32' title='bbox 894 453 1061 502; x_wconf 86' lang='lat' dir='ltr'><em>laudat</em></span> <span class='ocrx_word' id='word_1_33' title='bbox 1086 458 1251 506; x_wconf 80' lang='lat' dir='ltr'><em>Arelli</em></span> 
     </span>
     <span class='ocr_line' id='line_1_6' title="bbox 86 524 1123 594; baseline -0.004 -18"><span class='ocrx_word' id='word_1_34' title='bbox 86 526 294 576; x_wconf 84' lang='lat' dir='ltr'><em>Solicitas</em></span> <span class='ocrx_word' id='word_1_35' title='bbox 316 532 504 588; x_wconf 86' lang='lat' dir='ltr'><em>ignarus</em></span> <span class='ocrx_word' id='word_1_36' title='bbox 531 537 629 589; x_wconf 89' lang='lat' dir='ltr'><em>opes</em></span> <span class='ocrx_word' id='word_1_37' title='bbox 638 562 656 590; x_wconf 76' lang='grc'>,</span> <span class='ocrx_word' id='word_1_38' title='bbox 678 525 745 594; x_wconf 80' lang='lat' dir='ltr'><em>fic</em></span> <span class='ocrx_word' id='word_1_39' title='bbox 770 527 960 589; x_wconf 81' lang='lat' dir='ltr'><em>incipit:</em></span> <span class='ocrx_word' id='word_1_40' title='bbox 997 524 1123 572; x_wconf 84' lang='lat' dir='ltr'><em>Olim</em></span> 
     </span>
     <span class='ocr_line' id='line_1_7' title="bbox 85 595 1425 666; baseline -0.001 -21"><span class='ocrx_word' id='word_1_41' title='bbox 85 597 290 666; x_wconf 83' lang='lat' dir='ltr'><em>Rusticus</em></span> <span class='ocrx_word' id='word_1_42' title='bbox 314 595 542 645; x_wconf 84' lang='lat' dir='ltr'><em>urbanum</em></span> <span class='ocrx_word' id='word_1_43' title='bbox 569 609 743 642; x_wconf 88' lang='lat' dir='ltr'><em>murem</em></span> <span class='ocrx_word' id='word_1_44' title='bbox 771 611 871 642; x_wconf 87' lang='lat' dir='ltr'><em>mus</em></span> <span class='ocrx_word' id='word_1_45' title='bbox 890 608 1089 660; x_wconf 86' lang='lat' dir='ltr'><em>paupere</em></span> <span class='ocrx_word' id='word_1_46' title='bbox 1103 595 1272 663; x_wconf 72' lang='lat' dir='ltr'><em>fertur</em></span> <span class='ocrx_word' id='word_1_47' title='bbox 1361 600 1425 655; x_wconf 85' lang='lat'><em>80</em></span> 
     </span>
     <span class='ocr_line' id='line_1_8' title="bbox 84 663 1316 734; baseline 0 -18"><span class='ocrx_word' id='word_1_48' title='bbox 84 666 310 734; x_wconf 75' lang='lat' dir='ltr'><em>Accepiſje</em></span> <span class='ocrx_word' id='word_1_49' title='bbox 335 682 480 729; x_wconf 77' lang='lat' dir='ltr'><em>cavo,</em></span> <span class='ocrx_word' id='word_1_50' title='bbox 514 675 718 717; x_wconf 85' lang='lat' dir='ltr'><em>veterem</em></span> <span class='ocrx_word' id='word_1_51' title='bbox 745 675 886 712; x_wconf 86' lang='lat' dir='ltr'><em>vetus</em></span> <span class='ocrx_word' id='word_1_52' title='bbox 912 663 1067 729; x_wconf 83' lang='lat' dir='ltr'><em>hospes</em></span> <span class='ocrx_word' id='word_1_53' title='bbox 1093 670 1285 715; x_wconf 89' lang='lat' dir='ltr'><em>amicum</em></span> <span class='ocrx_word' id='word_1_54' title='bbox 1300 686 1316 717; x_wconf 92' lang='grc'><em>.·</em></span> 
     </span>
     <span class='ocr_line' id='line_1_9' title="bbox 87 734 1318 804; baseline 0 -18"><span class='ocrx_word' id='word_1_55' title='bbox 87 737 241 802; x_wconf 82' lang='lat' dir='ltr'><em>Asper</em></span> <span class='ocrx_word' id='word_1_56' title='bbox 271 734 335 793; x_wconf 60' lang='grc' dir='ltr'><em>ὠ·</em></span> <span class='ocrx_word' id='word_1_57' title='bbox 358 745 577 783; x_wconf 86' lang='lat' dir='ltr'><em>attentus</em></span> <span class='ocrx_word' id='word_1_58' title='bbox 607 734 835 804; x_wconf 68' lang='lat' dir='ltr'><em>quaefitis,</em></span> <span class='ocrx_word' id='word_1_59' title='bbox 867 745 923 782; x_wconf 88' lang='lat' dir='ltr'><em>ut</em></span> <span class='ocrx_word' id='word_1_60' title='bbox 951 746 1108 783; x_wconf 82' lang='lat' dir='ltr'><em>tamen</em></span> <span class='ocrx_word' id='word_1_61' title='bbox 1134 739 1318 786; x_wconf 63' lang='lat' dir='ltr'><em>arctum</em></span> 
     </span>
     <span class='ocr_line' id='line_1_10' title="bbox 79 803 1424 876; baseline 0.006 -23"><span class='ocrx_word' id='word_1_62' title='bbox 79 805 290 856; x_wconf 81' lang='lat' dir='ltr'><em>Solveret</em></span> <span class='ocrx_word' id='word_1_63' title='bbox 316 803 522 873; x_wconf 82' lang='lat' dir='ltr'><em>hospitiis</em></span> <span class='ocrx_word' id='word_1_64' title='bbox 549 810 771 865; x_wconf 79' lang='lat' dir='ltr'><em>animum,</em></span> <span class='ocrx_word' id='word_1_65' title='bbox 804 803 945 873; x_wconf 72' lang='lat' dir='ltr'><em>Qid</em></span> <span class='ocrx_word' id='word_1_66' title='bbox 964 803 1153 853; x_wconf 76' lang='lat' dir='ltr'><em>multa?</em></span> <span class='ocrx_word' id='word_1_67' title='bbox 1185 824 1328 876; x_wconf 81' lang='lat' dir='ltr'><em>neque</em></span> <span class='ocrx_word' id='word_1_68' title='bbox 1351 808 1424 861; x_wconf 76' lang='lat' dir='ltr'><em>illi</em></span> 
     </span>
     <span class='ocr_line' id='line_1_11' title="bbox 81 873 1144 946; baseline -0.001 -21"><span class='ocrx_word' id='word_1_69' title='bbox 81 877 262 946; x_wconf 86' lang='lat' dir='ltr'><em>Sepofiti</em></span> <span class='ocrx_word' id='word_1_70' title='bbox 288 879 438 924; x_wconf 88' lang='lat' dir='ltr'><em>ciceris</em></span> <span class='ocrx_word' id='word_1_71' title='bbox 463 892 542 922; x_wconf 88' lang='lat' dir='ltr'><em>nec</em></span> <span class='ocrx_word' id='word_1_72' title='bbox 565 873 709 935; x_wconf 80' lang='lat' dir='ltr'><em>longae</em></span> <span class='ocrx_word' id='word_1_73' title='bbox 735 876 919 923; x_wconf 81' lang='lat' dir='ltr'><em>invidit</em></span> <span class='ocrx_word' id='word_1_74' title='bbox 944 892 1110 923; x_wconf 86' lang='lat' dir='ltr'><em>avenae</em></span> <span class='ocrx_word' id='word_1_75' title='bbox 1129 893 1144 924; x_wconf 87' lang='lat'><em>.·</em></span> 
     </span>
     <span class='ocr_line' id='line_1_12' title="bbox 80 943 1420 1021; baseline 0.003 -27"><span class='ocrx_word' id='word_1_76' title='bbox 80 946 288 994; x_wconf 87' lang='lat' dir='ltr'><em>Aridum</em></span> <span class='ocrx_word' id='word_1_77' title='bbox 314 943 379 1003; x_wconf 63' lang='grc' dir='ltr'><em>ὠ·</em></span> <span class='ocrx_word' id='word_1_78' title='bbox 411 962 486 994; x_wconf 90' lang='lat' dir='ltr'><em>ore</em></span> <span class='ocrx_word' id='word_1_79' title='bbox 497 946 662 1015; x_wconf 75' lang='lat' dir='ltr'><em>ferens</em></span> <span class='ocrx_word' id='word_1_80' title='bbox 687 949 895 1011; x_wconf 73' lang='lat' dir='ltr'><em>acinum,</em></span> <span class='ocrx_word' id='word_1_81' title='bbox 918 944 1178 1014; x_wconf 69' lang='lat' dir='ltr'><em>fimesaque</em></span> <span class='ocrx_word' id='word_1_82' title='bbox 1203 945 1327 998; x_wconf 74' lang='lat' dir='ltr'><em>lardi</em></span> <span class='ocrx_word' id='word_1_83' title='bbox 1358 954 1420 1021; x_wconf 68' lang='grc' dir='ltr'><em>ὃς</em></span> 
     </span>
     <span class='ocr_line' id='line_1_13' title="bbox 76 1015 1178 1084; baseline 0.001 -20"><span class='ocrx_word' id='word_1_84' title='bbox 76 1016 245 1084; x_wconf 85' lang='lat' dir='ltr'><em>Frusta</em></span> <span class='ocrx_word' id='word_1_85' title='bbox 271 1016 428 1064; x_wconf 87' lang='lat' dir='ltr'><em>dedit:</em></span> <span class='ocrx_word' id='word_1_86' title='bbox 463 1020 639 1082; x_wconf 84' lang='lat' dir='ltr'><em>cupiens</em></span> <span class='ocrx_word' id='word_1_87' title='bbox 664 1019 808 1064; x_wconf 78' lang='lat' dir='ltr'><em>varia</em></span> <span class='ocrx_word' id='word_1_88' title='bbox 824 1015 1026 1084; x_wconf 83' lang='lat' dir='ltr'><em>fastidia</em></span> <span class='ocrx_word' id='word_1_89' title='bbox 1053 1034 1178 1065; x_wconf 83' lang='lat' dir='ltr'><em>coena</em></span> 
     </span>
     <span class='ocr_line' id='line_1_14' title="bbox 81 1083 1278 1154; baseline 0.001 -20"><span class='ocrx_word' id='word_1_90' title='bbox 81 1090 266 1135; x_wconf 82' lang='lat' dir='ltr'><em>Vincere</em></span> <span class='ocrx_word' id='word_1_91' title='bbox 292 1092 527 1148; x_wconf 84' lang='lat' dir='ltr'><em>tangentis</em></span> <span class='ocrx_word' id='word_1_92' title='bbox 554 1083 671 1133; x_wconf 86' lang='lat' dir='ltr'><em>male</em></span> <span class='ocrx_word' id='word_1_93' title='bbox 696 1085 875 1152; x_wconf 81' lang='lat' dir='ltr'><em>singula</em></span> <span class='ocrx_word' id='word_1_94' title='bbox 901 1085 1035 1133; x_wconf 86' lang='lat' dir='ltr'><em>dente</em></span> <span class='ocrx_word' id='word_1_95' title='bbox 1050 1086 1278 1154; x_wconf 71' lang='lat' dir='ltr'><em>superbo,</em></span> 
     </span>
     <span class='ocr_line' id='line_1_15' title="bbox 30 1154 1365 1224; baseline 0.004 -20"><span class='ocrx_word' id='word_1_96' title='bbox 30 1185 36 1193; x_wconf 90' lang='lat'><em>-</em></span> <span class='ocrx_word' id='word_1_97' title='bbox 84 1156 244 1224; x_wconf 72' lang='lat' dir='ltr'><em>Qum</em></span> <span class='ocrx_word' id='word_1_98' title='bbox 264 1166 408 1221; x_wconf 89' lang='lat' dir='ltr'><em>pater</em></span> <span class='ocrx_word' id='word_1_99' title='bbox 430 1155 517 1222; x_wconf 74' lang='lat' dir='ltr'><em>ipse</em></span> <span class='ocrx_word' id='word_1_100' title='bbox 545 1156 699 1203; x_wconf 86' lang='lat' dir='ltr'><em>domus</em></span> <span class='ocrx_word' id='word_1_101' title='bbox 714 1154 857 1220; x_wconf 84' lang='lat' dir='ltr'><em>palea</em></span> <span class='ocrx_word' id='word_1_102' title='bbox 874 1157 1114 1221; x_wconf 65' lang='lat' dir='ltr'><em>porreHus</em></span> <span class='ocrx_word' id='word_1_103' title='bbox 1138 1161 1188 1204; x_wconf 84' lang='lat' dir='ltr'><em>in</em></span> <span class='ocrx_word' id='word_1_104' title='bbox 1214 1157 1365 1209; x_wconf 72' lang='lat' dir='ltr'><em>horna</em></span> 
     </span>
     <span class='ocr_line' id='line_1_16' title="bbox 80 1223 1436 1296; baseline 0.004 -22"><span class='ocrx_word' id='word_1_105' title='bbox 80 1227 213 1294; x_wconf 74' lang='lat' dir='ltr'><em>Eſjet</em></span> <span class='ocrx_word' id='word_1_106' title='bbox 235 1225 380 1292; x_wconf 75' lang='lat' dir='ltr'><em>ado-r,</em></span> <span class='ocrx_word' id='word_1_107' title='bbox 416 1223 684 1292; x_wconf 70' lang='lat' dir='ltr'><em>loliumque,</em></span> <span class='ocrx_word' id='word_1_108' title='bbox 719 1226 848 1290; x_wconf 89' lang='lat' dir='ltr'><em>dapis</em></span> <span class='ocrx_word' id='word_1_109' title='bbox 873 1223 1059 1273; x_wconf 86' lang='lat' dir='ltr'><em>meliora</em></span> <span class='ocrx_word' id='word_1_110' title='bbox 1087 1225 1363 1296; x_wconf 78' lang='lat' dir='ltr'><em>relinquens.</em></span> <span class='ocrx_word' id='word_1_111' title='bbox 1433 1226 1436 1229; x_wconf 53' lang='grc'>’</span> 
     </span>
     <span class='ocr_line' id='line_1_17' title="bbox 77 1293 1417 1369; baseline 0.003 -23"><span class='ocrx_word' id='word_1_112' title='bbox 77 1297 280 1346; x_wconf 85' lang='lat' dir='ltr'><em>Tandem</em></span> <span class='ocrx_word' id='word_1_113' title='bbox 303 1296 509 1344; x_wconf 82' lang='lat' dir='ltr'><em>urbanus</em></span> <span class='ocrx_word' id='word_1_114' title='bbox 532 1296 600 1344; x_wconf 88' lang='lat' dir='ltr'><em>ad</em></span> <span class='ocrx_word' id='word_1_115' title='bbox 619 1293 767 1344; x_wconf 84' lang='lat' dir='ltr'><em>hunc:</em></span> <span class='ocrx_word' id='word_1_116' title='bbox 800 1295 941 1365; x_wconf 71' lang='lat' dir='ltr'><em>Qid</em></span> <span class='ocrx_word' id='word_1_117' title='bbox 957 1306 1003 1343; x_wconf 83' lang='lat' dir='ltr'><em>tc</em></span> <span class='ocrx_word' id='word_1_118' title='bbox 1015 1296 1174 1360; x_wconf 85' lang='lat' dir='ltr'><em>juvat</em></span> <span class='ocrx_word' id='word_1_119' title='bbox 1187 1336 1204 1364; x_wconf 80' lang='grc'>,</span> <span class='ocrx_word' id='word_1_120' title='bbox 1232 1304 1417 1369; x_wconf 53' lang='lat' dir='ltr'><em>iuquit:⁸</em></span> 
     </span>
    </p>

    <p class='ocr_par' dir='ltr' id='par_1_3' title="bbox 15 1370 1484 2633">
     <span class='ocr_line' id='line_1_18' title="bbox 280 1370 1420 1441; baseline 0.001 -27"><span class='ocrx_word' id='word_1_121' title='bbox 280 1370 449 1431; x_wconf 78' lang='lat' dir='ltr'><em>amice,</em></span> <span class='ocrx_word' id='word_1_122' title='bbox 1349 1389 1420 1441; x_wconf 87' lang='lat'><em>90</em></span> 
     </span>
     <span class='ocr_line' id='line_1_19' title="bbox 76 1433 1200 1505; baseline -0.002 -19"><span class='ocrx_word' id='word_1_123' title='bbox 76 1439 313 1504; x_wconf 86' lang='lat' dir='ltr'><em>Praerupti</em></span> <span class='ocrx_word' id='word_1_124' title='bbox 338 1438 530 1485; x_wconf 81' lang='lat' dir='ltr'><em>nemoris</em></span> <span class='ocrx_word' id='word_1_125' title='bbox 553 1437 817 1502; x_wconf 79' lang='lat' dir='ltr'><em>patientem</em></span> <span class='ocrx_word' id='word_1_126' title='bbox 841 1439 1010 1486; x_wconf 85' lang='lat' dir='ltr'><em>vivere</em></span> <span class='ocrx_word' id='word_1_127' title='bbox 1035 1433 1200 1505; x_wconf 76' lang='lat' dir='ltr'><em>dorso?</em></span> 
     </span>
     <span class='ocr_line' id='line_1_20' title="bbox 76 1506 1372 1577; baseline 0.005 -22"><span class='ocrx_word' id='word_1_128' title='bbox 76 1508 180 1555; x_wconf 85' lang='lat' dir='ltr'><em>Vm&#39;</em></span> <span class='ocrx_word' id='word_1_129' title='bbox 207 1519 260 1555; x_wconf 87' lang='lat' dir='ltr'><em>tu</em></span> <span class='ocrx_word' id='word_1_130' title='bbox 286 1507 483 1556; x_wconf 82' lang='lat' dir='ltr'><em>homines</em></span> <span class='ocrx_word' id='word_1_131' title='bbox 508 1506 750 1573; x_wconf 84' lang='lat' dir='ltr'><em>urbemque</em></span> <span class='ocrx_word' id='word_1_132' title='bbox 765 1506 887 1576; x_wconf 86' lang='lat' dir='ltr'><em>feris</em></span> <span class='ocrx_word' id='word_1_133' title='bbox 908 1522 1165 1574; x_wconf 85' lang='lat' dir='ltr'><em>praepouere</em></span> <span class='ocrx_word' id='word_1_134' title='bbox 1179 1507 1372 1577; x_wconf 67' lang='lat' dir='ltr'><em>sjslvis?</em></span> 
     </span>
     <span class='ocr_line' id='line_1_21' title="bbox 77 1576 1415 1648; baseline 0.006 -22"><span class='ocrx_word' id='word_1_135' title='bbox 77 1583 223 1644; x_wconf 83' lang='lat' dir='ltr'><em>Carpe</em></span> <span class='ocrx_word' id='word_1_136' title='bbox 248 1583 410 1643; x_wconf 80' lang='lat' dir='ltr'><em>viam,</em></span> <span class='ocrx_word' id='word_1_137' title='bbox 443 1576 555 1625; x_wconf 85' lang='lat' dir='ltr'><em>mihi</em></span> <span class='ocrx_word' id='word_1_138' title='bbox 580 1577 735 1643; x_wconf 73' lang='lat' dir='ltr'><em>crede,</em></span> <span class='ocrx_word' id='word_1_139' title='bbox 769 1595 934 1627; x_wconf 85' lang='lat' dir='ltr'><em>comes:</em></span> <span class='ocrx_word' id='word_1_140' title='bbox 968 1579 1206 1648; x_wconf 83' lang='lat' dir='ltr'><em>terrestria</em></span> <span class='ocrx_word' id='word_1_141' title='bbox 1224 1583 1415 1648; x_wconf 72' lang='lat' dir='ltr'><em>quando</em></span> 
     </span>
     <span class='ocr_line' id='line_1_22' title="bbox 77 1646 1402 1721; baseline 0.003 -25"><span class='ocrx_word' id='word_1_142' title='bbox 77 1646 310 1697; x_wconf 80' lang='lat' dir='ltr'><em>Mortales</em></span> <span class='ocrx_word' id='word_1_143' title='bbox 335 1652 515 1697; x_wconf 84' lang='lat' dir='ltr'><em>animas</em></span> <span class='ocrx_word' id='word_1_144' title='bbox 541 1652 725 1698; x_wconf 80' lang='lat' dir='ltr'><em>vivunt</em></span> <span class='ocrx_word' id='word_1_145' title='bbox 738 1649 952 1716; x_wconf 74' lang='lat' dir='ltr'><em>sortita,</em></span> <span class='ocrx_word' id='word_1_146' title='bbox 984 1666 1126 1718; x_wconf 83' lang='lat' dir='ltr'><em>neque</em></span> <span class='ocrx_word' id='word_1_147' title='bbox 1149 1648 1245 1700; x_wconf 91' lang='lat' dir='ltr'><em>ulla</em></span> <span class='ocrx_word' id='word_1_148' title='bbox 1271 1652 1334 1721; x_wconf 79' lang='lat' dir='ltr'><em>est</em></span> <span class='ocrx_word' id='word_1_149' title='bbox 1398 1685 1402 1690; x_wconf 86' lang='lat'>-</span> 
     </span>
     <span class='ocr_line' id='line_1_23' title="bbox 75 1717 1411 1794; baseline 0.004 -27"><span class='ocrx_word' id='word_1_150' title='bbox 75 1723 188 1767; x_wconf 88' lang='lat' dir='ltr'><em>Aut</em></span> <span class='ocrx_word' id='word_1_151' title='bbox 199 1735 359 1780; x_wconf 88' lang='lat' dir='ltr'><em>magno</em></span> <span class='ocrx_word' id='word_1_152' title='bbox 373 1730 459 1767; x_wconf 84' lang='lat' dir='ltr'><em>aut</em></span> <span class='ocrx_word' id='word_1_153' title='bbox 465 1733 626 1784; x_wconf 89' lang='lat' dir='ltr'><em>parvo</em></span> <span class='ocrx_word' id='word_1_154' title='bbox 641 1717 757 1767; x_wconf 85' lang='lat' dir='ltr'><em>lethi</em></span> <span class='ocrx_word' id='word_1_155' title='bbox 755 1718 882 1787; x_wconf 87' lang='lat' dir='ltr'><em>fuga</em></span> <span class='ocrx_word' id='word_1_156' title='bbox 894 1758 910 1785; x_wconf 81' lang='lat'>,</span> <span class='ocrx_word' id='word_1_157' title='bbox 926 1737 1013 1788; x_wconf 84' lang='lat' dir='ltr'><em>quo</em></span> <span class='ocrx_word' id='word_1_158' title='bbox 1023 1758 1041 1786; x_wconf 63' lang='lat'>2</span> <span class='ocrx_word' id='word_1_159' title='bbox 1054 1719 1165 1770; x_wconf 87' lang='lat' dir='ltr'><em>bone</em></span> <span class='ocrx_word' id='word_1_160' title='bbox 1177 1758 1194 1786; x_wconf 65' lang='lat'>2</span> <span class='ocrx_word' id='word_1_161' title='bbox 1209 1727 1329 1773; x_wconf 88' lang='lat' dir='ltr'><em>circa</em></span> <span class='ocrx_word' id='word_1_162' title='bbox 1344 1740 1411 1794; x_wconf 84' lang='lat'><em>95</em></span> 
     </span>
     <span class='ocr_line' id='line_1_24' title="bbox 74 1787 1164 1852; baseline 0.004 -16"><span class='ocrx_word' id='word_1_163' title='bbox 74 1792 204 1836; x_wconf 87' lang='lat' dir='ltr'><em>Dum</em></span> <span class='ocrx_word' id='word_1_164' title='bbox 233 1787 338 1836; x_wconf 88' lang='lat' dir='ltr'><em>licet</em></span> <span class='ocrx_word' id='word_1_165' title='bbox 362 1793 412 1837; x_wconf 86' lang='lat' dir='ltr'><em>in</em></span> <span class='ocrx_word' id='word_1_166' title='bbox 435 1787 568 1837; x_wconf 85' lang='lat' dir='ltr'><em>rebus</em></span> <span class='ocrx_word' id='word_1_167' title='bbox 581 1788 800 1852; x_wconf 83' lang='lat' dir='ltr'><em>jucundis</em></span> <span class='ocrx_word' id='word_1_168' title='bbox 828 1795 946 1838; x_wconf 84' lang='lat' dir='ltr'><em>vive</em></span> <span class='ocrx_word' id='word_1_169' title='bbox 969 1791 1134 1840; x_wconf 82' lang='lat' dir='ltr'><em>beatus</em></span> <span class='ocrx_word' id='word_1_170' title='bbox 1149 1809 1164 1839; x_wconf 92' lang='grc'><em>.·</em></span> 
     </span>
     <span class='ocr_line' id='line_1_25' title="bbox 76 1858 1377 1927; baseline 0.008 -22"><span class='ocrx_word' id='word_1_171' title='bbox 76 1861 192 1905; x_wconf 81' lang='lat' dir='ltr'><em>Vive</em></span> <span class='ocrx_word' id='word_1_172' title='bbox 219 1874 383 1905; x_wconf 88' lang='lat' dir='ltr'><em>memor</em></span> <span class='ocrx_word' id='word_1_173' title='bbox 406 1876 543 1925; x_wconf 79' lang='lat' dir='ltr'><em>quam</em></span> <span class='ocrx_word' id='word_1_174' title='bbox 559 1858 623 1927; x_wconf 82' lang='lat' dir='ltr'><em>fis</em></span> <span class='ocrx_word' id='word_1_175' title='bbox 649 1865 746 1908; x_wconf 84' lang='lat' dir='ltr'><em>aevi</em></span> <span class='ocrx_word' id='word_1_176' title='bbox 772 1859 944 1909; x_wconf 78' lang='lat' dir='ltr'><em>brevis.</em></span> <span class='ocrx_word' id='word_1_177' title='bbox 1004 1865 1122 1910; x_wconf 86' lang='lat' dir='ltr'><em>Haec</em></span> <span class='ocrx_word' id='word_1_178' title='bbox 1144 1860 1224 1912; x_wconf 82' lang='lat' dir='ltr'><em>ubi</em></span> <span class='ocrx_word' id='word_1_179' title='bbox 1248 1863 1377 1916; x_wconf 59' lang='lat' dir='ltr'><em>difz‘a</em></span> 
     </span>
     <span class='ocr_line' id='line_1_26' title="bbox 74 1925 1210 1993; baseline 0.004 -18"><span class='ocrx_word' id='word_1_180' title='bbox 74 1925 313 1993; x_wconf 83' lang='lat' dir='ltr'><em>Agrestem</em></span> <span class='ocrx_word' id='word_1_181' title='bbox 333 1925 570 1993; x_wconf 75' lang='lat' dir='ltr'><em>pepulere,</em></span> <span class='ocrx_word' id='word_1_182' title='bbox 605 1928 731 1975; x_wconf 90' lang='lat' dir='ltr'><em>domo</em></span> <span class='ocrx_word' id='word_1_183' title='bbox 756 1927 877 1976; x_wconf 85' lang='lat' dir='ltr'><em>levis</em></span> <span class='ocrx_word' id='word_1_184' title='bbox 902 1928 1038 1977; x_wconf 79' lang='lat' dir='ltr'><em>exilit</em></span> <span class='ocrx_word' id='word_1_185' title='bbox 1053 1949 1067 1978; x_wconf 92' lang='lat'><em>:</em></span> <span class='ocrx_word' id='word_1_186' title='bbox 1100 1930 1210 1980; x_wconf 85' lang='lat' dir='ltr'><em>inde</em></span> 
     </span>
     <span class='ocr_line' id='line_1_27' title="bbox 74 1997 1311 2067; baseline 0.004 -21"><span class='ocrx_word' id='word_1_187' title='bbox 74 1998 232 2046; x_wconf 83' lang='lat' dir='ltr'><em>Ambo</em></span> <span class='ocrx_word' id='word_1_188' title='bbox 255 1997 528 2067; x_wconf 80' lang='lat' dir='ltr'><em>propofitum</em></span> <span class='ocrx_word' id='word_1_189' title='bbox 549 2008 780 2062; x_wconf 85' lang='lat' dir='ltr'><em>peragunt</em></span> <span class='ocrx_word' id='word_1_190' title='bbox 802 2002 925 2063; x_wconf 73' lang='lat' dir='ltr'><em>iter,</em></span> <span class='ocrx_word' id='word_1_191' title='bbox 957 1998 1085 2048; x_wconf 82' lang='lat' dir='ltr'><em>urbis</em></span> <span class='ocrx_word' id='word_1_192' title='bbox 1109 2013 1311 2051; x_wconf 81' lang='lat' dir='ltr'><em>aventes</em></span> 
     </span>
     <span class='ocr_line' id='line_1_28' title="bbox 76 2067 1408 2137; baseline 0.005 -23"><span class='ocrx_word' id='word_1_193' title='bbox 76 2071 258 2115; x_wconf 76' lang='lat' dir='ltr'><em>Moenia</em></span> <span class='ocrx_word' id='word_1_194' title='bbox 281 2068 494 2115; x_wconf 63' lang='lat' dir='ltr'><em>nocturni</em></span> <span class='ocrx_word' id='word_1_195' title='bbox 507 2067 766 2134; x_wconf 75' lang='lat' dir='ltr'><em>subrepere.</em></span> <span class='ocrx_word' id='word_1_196' title='bbox 829 2069 1042 2137; x_wconf 80' lang='lat' dir='ltr'><em>Jamque</em></span> <span class='ocrx_word' id='word_1_197' title='bbox 1067 2072 1257 2120; x_wconf 87' lang='lat' dir='ltr'><em>tenebat</em></span> <span class='ocrx_word' id='word_1_198' title='bbox 1312 2091 1408 2128; x_wconf 76' lang='lat'><em>100</em></span> 
     </span>
     <span class='ocr_line' id='line_1_29' title="bbox 71 2136 1326 2211; baseline 0.005 -26"><span class='ocrx_word' id='word_1_199' title='bbox 71 2140 189 2185; x_wconf 89' lang='lat' dir='ltr'><em>Nox</em></span> <span class='ocrx_word' id='word_1_200' title='bbox 212 2136 405 2185; x_wconf 86' lang='lat' dir='ltr'><em>medium</em></span> <span class='ocrx_word' id='word_1_201' title='bbox 430 2136 526 2184; x_wconf 88' lang='lat' dir='ltr'><em>coeli</em></span> <span class='ocrx_word' id='word_1_202' title='bbox 539 2137 778 2204; x_wconf 78' lang='lat' dir='ltr'><em>spatium,</em></span> <span class='ocrx_word' id='word_1_203' title='bbox 811 2157 950 2205; x_wconf 80' lang='lat' dir='ltr'><em>quum</em></span> <span class='ocrx_word' id='word_1_204' title='bbox 969 2146 1108 2206; x_wconf 83' lang='lat' dir='ltr'><em>ponit</em></span> <span class='ocrx_word' id='word_1_205' title='bbox 1133 2154 1326 2211; x_wconf 82' lang='lat' dir='ltr'><em>uterque</em></span> 
     </span>
     <span class='ocr_line' id='line_1_30' title="bbox 74 2205 1194 2275; baseline 0.006 -21"><span class='ocrx_word' id='word_1_206' title='bbox 74 2210 134 2254; x_wconf 77' lang='lat' dir='ltr'><em>In</em></span> <span class='ocrx_word' id='word_1_207' title='bbox 158 2205 373 2274; x_wconf 81' lang='lat' dir='ltr'><em>locuplete</em></span> <span class='ocrx_word' id='word_1_208' title='bbox 397 2207 524 2255; x_wconf 89' lang='lat' dir='ltr'><em>domo</em></span> <span class='ocrx_word' id='word_1_209' title='bbox 550 2206 744 2275; x_wconf 80' lang='lat' dir='ltr'><em>vestigia</em></span> <span class='ocrx_word' id='word_1_210' title='bbox 758 2246 775 2272; x_wconf 83' lang='lat'>,</span> <span class='ocrx_word' id='word_1_211' title='bbox 809 2208 947 2257; x_wconf 87' lang='lat' dir='ltr'><em>rubro</em></span> <span class='ocrx_word' id='word_1_212' title='bbox 975 2209 1054 2258; x_wconf 85' lang='lat' dir='ltr'><em>ubi</em></span> <span class='ocrx_word' id='word_1_213' title='bbox 1079 2228 1194 2261; x_wconf 90' lang='lat' dir='ltr'><em>cocco</em></span> 
     </span>
     <span class='ocr_line' id='line_1_31' title="bbox 72 2276 1197 2348; baseline 0.007 -24"><span class='ocrx_word' id='word_1_214' title='bbox 72 2279 236 2325; x_wconf 72' lang='grc' dir='ltr'><em>Ὶίηἱῖα</em></span> <span class='ocrx_word' id='word_1_215' title='bbox 251 2277 391 2345; x_wconf 88' lang='lat' dir='ltr'><em>super</em></span> <span class='ocrx_word' id='word_1_216' title='bbox 414 2276 549 2326; x_wconf 61' lang='lat' dir='ltr'><em>lectos</em></span> <span class='ocrx_word' id='word_1_217' title='bbox 573 2278 788 2327; x_wconf 85' lang='lat' dir='ltr'><em>canderet</em></span> <span class='ocrx_word' id='word_1_218' title='bbox 811 2279 952 2348; x_wconf 86' lang='lat' dir='ltr'><em>vestis</em></span> <span class='ocrx_word' id='word_1_219' title='bbox 977 2279 1197 2345; x_wconf 64' lang='lat' dir='ltr'><em>eburnos,</em></span> 
     </span>
     <span class='ocr_line' id='line_1_32' title="bbox 72 2345 1275 2419; baseline 0.007 -25"><span class='ocrx_word' id='word_1_220' title='bbox 72 2346 325 2414; x_wconf 81' lang='lat' dir='ltr'><em>Multaque</em></span> <span class='ocrx_word' id='word_1_221' title='bbox 351 2347 406 2395; x_wconf 90' lang='lat' dir='ltr'><em>de</em></span> <span class='ocrx_word' id='word_1_222' title='bbox 431 2365 597 2409; x_wconf 89' lang='lat' dir='ltr'><em>magna</em></span> <span class='ocrx_word' id='word_1_223' title='bbox 616 2348 895 2417; x_wconf 74' lang='lat' dir='ltr'><em>stipereffi’nt</em></span> <span class='ocrx_word' id='word_1_224' title='bbox 907 2349 1094 2418; x_wconf 90' lang='lat' dir='ltr'><em>fercula</em></span> <span class='ocrx_word' id='word_1_225' title='bbox 1120 2345 1275 2419; x_wconf 72' lang='lat' dir='ltr'><em>coeua,</em></span> 
     </span>
     <span class='ocr_line' id='line_1_33' title="bbox 15 2412 1484 2496; baseline 0.011 -33"><span class='ocrx_word' id='word_1_226' title='bbox 15 2432 20 2436; x_wconf 80' lang='grc'><strong>’</strong></span> <span class='ocrx_word' id='word_1_227' title='bbox 72 2415 200 2483; x_wconf 71' lang='lat' dir='ltr'><em>Qae</em></span> <span class='ocrx_word' id='word_1_228' title='bbox 218 2415 381 2482; x_wconf 85' lang='lat' dir='ltr'><em>procul</em></span> <span class='ocrx_word' id='word_1_229' title='bbox 391 2418 620 2466; x_wconf 56' lang='lat' dir='ltr'><em>extructis</em></span> <span class='ocrx_word' id='word_1_230' title='bbox 635 2423 825 2467; x_wconf 88' lang='lat' dir='ltr'><em>inerant</em></span> <span class='ocrx_word' id='word_1_231' title='bbox 838 2419 1047 2488; x_wconf 84' lang='lat' dir='ltr'><em>hesterna</em></span> <span class='ocrx_word' id='word_1_232' title='bbox 1061 2424 1284 2492; x_wconf 77' lang='lat' dir='ltr'><em>canistris.</em></span> <span class='ocrx_word' id='word_1_233' title='bbox 1312 2442 1405 2496; x_wconf 82' lang='lat'><em>105</em></span> <span class='ocrx_word' id='word_1_234' title='bbox 1476 2412 1484 2420; x_wconf 43' lang='grc'><em>.</em></span> 
     </span>
     <span class='ocr_line' id='line_1_34' title="bbox 72 2485 1260 2559; baseline 0.008 -26"><span class='ocrx_word' id='word_1_235' title='bbox 72 2490 198 2548; x_wconf 86' lang='lat' dir='ltr'><em>Ergo</em></span> <span class='ocrx_word' id='word_1_236' title='bbox 225 2485 304 2534; x_wconf 87' lang='lat' dir='ltr'><em>ubi</em></span> <span class='ocrx_word' id='word_1_237' title='bbox 322 2501 555 2553; x_wconf 87' lang='lat' dir='ltr'><em>purpurea</em></span> <span class='ocrx_word' id='word_1_238' title='bbox 573 2489 835 2552; x_wconf 60' lang='lat' dir='ltr'><em>porrefflum</em></span> <span class='ocrx_word' id='word_1_239' title='bbox 858 2494 910 2539; x_wconf 84' lang='lat' dir='ltr'><em>in</em></span> <span class='ocrx_word' id='word_1_240' title='bbox 935 2490 1057 2559; x_wconf 79' lang='lat' dir='ltr'><em>veste</em></span> <span class='ocrx_word' id='word_1_241' title='bbox 1082 2491 1260 2544; x_wconf 81' lang='lat' dir='ltr'><em>locavit</em></span> 
     </span>
     <span class='ocr_line' id='line_1_35' title="bbox 70 2554 1230 2633; baseline 0.006 -27"><span class='ocrx_word' id='word_1_242' title='bbox 70 2554 342 2625; x_wconf 75' lang='lat' dir='ltr'><em>Agrestem,</em></span> <span class='ocrx_word' id='word_1_243' title='bbox 376 2556 530 2607; x_wconf 80' lang='lat' dir='ltr'><em>veluti</em></span> <span class='ocrx_word' id='word_1_244' title='bbox 543 2557 801 2627; x_wconf 56' lang='lat' dir='ltr'><em>succinctus</em></span> <span class='ocrx_word' id='word_1_245' title='bbox 826 2560 1020 2632; x_wconf 76' lang='lat' dir='ltr'><em>cursitat</em></span> <span class='ocrx_word' id='word_1_246' title='bbox 1044 2561 1197 2633; x_wconf 86' lang='lat' dir='ltr'><em>hospes</em></span> <span class='ocrx_word' id='word_1_247' title='bbox 1213 2605 1230 2631; x_wconf 63' lang='lat'>2</span> 
     </span>
    </p>

    <p class='ocr_par' dir='ltr' id='par_1_4' title="bbox 1289 2639 1410 2689">
     <span class='ocr_line' id='line_1_36' title="bbox 1289 2639 1410 2689; baseline 0 0"><span class='ocrx_word' id='word_1_248' title='bbox 1289 2639 1410 2689; x_wconf 69' lang='lat' dir='ltr'><em>Con-</em></span> 
     </span>
    </p>
   </div>
   <div class='ocr_carea' id='block_1_3' title="bbox 129 2719 939 2847">
    <p class='ocr_par' dir='ltr' id='par_1_5' title="bbox 129 2719 939 2847">
     <span class='ocr_line' id='line_1_37' title="bbox 129 2719 939 2776; baseline 0.011 -20"><span class='ocrx_word' id='word_1_249' title='bbox 129 2720 179 2770; x_wconf 89' lang='lat'><em>78</em></span> <span class='ocrx_word' id='word_1_250' title='bbox 203 2719 338 2770; x_wconf 79' lang='lat' dir='ltr'><em>fiqm‘s</em></span> <span class='ocrx_word' id='word_1_251' title='bbox 363 2735 458 2763; x_wconf 86' lang='lat' dir='ltr'><em>nam.</em></span> <span class='ocrx_word' id='word_1_252' title='bbox 517 2721 565 2776; x_wconf 80' lang='lat'><em>83</em></span> <span class='ocrx_word' id='word_1_253' title='bbox 594 2721 664 2763; x_wconf 75' lang='lat' dir='ltr'><em>ille.</em></span> <span class='ocrx_word' id='word_1_254' title='bbox 723 2734 775 2771; x_wconf 87' lang='lat'><em>92</em></span> <span class='ocrx_word' id='word_1_255' title='bbox 804 2723 863 2763; x_wconf 75' lang='lat' dir='ltr'><em>Vis</em></span> <span class='ocrx_word' id='word_1_256' title='bbox 885 2733 939 2764; x_wconf 76' lang='lat' dir='ltr'><em>tn.</em></span> 
     </span>
     <span class='ocr_line' id='line_1_38' title="bbox 142 2774 781 2847; baseline 0.009 -24"><span class='ocrx_word' id='word_1_257' title='bbox 142 2776 274 2824; x_wconf 79' lang='lat' dir='ltr'><em>Teme</em></span> <span class='ocrx_word' id='word_1_258' title='bbox 302 2776 384 2847; x_wconf 63' lang='grc' dir='ltr'><em>7Ιῖ</em></span> <span class='ocrx_word' id='word_1_259' title='bbox 726 2774 781 2829; x_wconf 85' lang='lat' dir='ltr'>K</span> 
     </span>
    </p>
   </div>
  </div>
 </body>
</html>
