1663 3010
296 153 764 215 prsTOLA
824 162 891 218 V.
962 163 1138 222 L113.
1193 167 1238 223 1.
1337 192 1447 245 479*

98 326 1446 416 ἑᾷὲὺὲὺῷῢΐὲῡῡῢῢῡῢῢῠῷὲῢὺὺὺ

281 505 1072 598 EPISTOLA
1173 520 1276 612 V.

199 696 355 764 AD
447 698 1363 793 TORQUATUM.

201 868 227 920 I
240 882 377 936 potes
405 875 633 926 archa‘i'cis
657 883 864 929 conviva
891 883 1146 934 recumbere
1169 885 1299 937 lectis
1314 931 1331 957 ,

220 944 321 991 Nec
347 946 520 995 modica
547 965 727 998 coenare
752 954 885 999 times
911 951 1006 1002 olus
1030 972 1158 1004 omne
1171 960 1385 1027 patella,

91 1015 301 1077 Supremo
327 1025 374 1063 te
386 1015 484 1084 sole
510 1017 629 1067 domi
641 1058 659 1085 ,
692 1025 951 1090 Torquate,
985 1028 1190 1078 manebo.

93 1084 214 1131 Vina
243 1081 367 1132 bibes
389 1091 560 1137 iterum
587 1093 738 1138 Tauro
763 1092 960 1160 diffisa,
991 1095 1219 1165 palustres

90 1156 230 1201 Inter
255 1158 535 1206 Minturnas
549 1197 566 1223 2
601 1163 1000 1231 Sinueſj'c'znumque
1021 1170 1281 1223 Petrinum.
1400 1192 1431 1245 5

90 1225 177 1270 Sin
201 1221 357 1273 melius
385 1227 503 1295 quid
522 1227 662 1279 habes
675 1270 693 1297 2
729 1234 920 1301 arceffi’,
946 1232 1031 1284 vel
1049 1242 1397 1313 imperiumftr.

86 1291 386 1358 Jamdndum
397 1296 615 1366 splendet
625 1300 760 1370 focus
775 1337 792 1365 ,
809 1302 873 1361 &
897 1304 989 1353 tibi
1014 1310 1186 1358 munda
1200 1312 1426 1380 supellex.

90 1367 245 1412 Mitte
268 1363 393 1415 leves
406 1368 544 1436 spes,
577 1368 644 1429 ὠ·
670 1379 926 1422 certamina
957 1376 1272 1447 divitiarum,

86 1435 162 1481 Et
190 1434 369 1502 Moschi
394 1440 592 1507 causam.
627 1457 729 1491 cras
756 1455 870 1492 nato
898 1448 1080 1514 Caestzre
1092 1451 1242 1521 festus

86 1506 199 1552 Dat
222 1510 412 1556 veniam
425 1509 723 1580 somnumque
747 1513 841 1563 dies
858 1533 873 1563 .·
912 1519 1095 1583 impune
1119 1520 1273 1573 licebit
1366 1543 1437 1581 10-

88 1574 334 1644 AEstivam
348 1577 559 1648 sermone
584 1581 774 1646 benigno
802 1585 988 1635 tendere
1013 1592 1202 1643 noc‘lem.

83 1641 199 1713 Qo
219 1646 332 1696 mihi
343 1648 604 1718 fortunas,
625 1655 675 1724 fi
700 1671 792 1704 non
820 1657 1079 1709 conceditur
1104 1663 1216 1712 uti?

84 1716 261 1764 Parcus
285 1718 339 1766 ob
367 1719 546 1771 heredis
572 1739 730 1773 curam
743 1760 761 1787 2
793 1731 1071 1798 nimiumque
1083 1733 1283 1801 severus
1296 1775 1315 1805 ‚

84 1784 271 1852 Affidet
294 1789 470 1858 instzno.
498 1803 665 1859 potare
690 1793 755 1853 ὠ
771 1795 988 1863 spargere
1003 1803 1151 1868 flores

82 1858 337 1924 Incipiam,
364 1866 622 1930 patiarque
647 1863 734 1913 vel
754 1866 1032 1935 inconficltus
1054 1872 1231 1923 haberi.
1365 1895 1427 1948 ις

86 1922 228 1993 Qid
249 1943 339 1977 non
363 1930 566 1982 ebrietas
588 1933 830 2005 designat?
866 1942 1045 2004 Operta
1076 1943 1273 1993 recludit
1288 1965 1304 1995 .·

85 2000 190 2060 Spes
201 1997 346 2062 jubet
373 2002 455 2070 effi
482 2014 646 2054 ratas:
682 2010 734 2054 in
749 2005 920 2073 praelia
946 2012 1103 2062 trudit
1127 2018 1343 2066 inermem
1358 2034 1375 2066 .·

81 2064 278 2115 Solicitis
303 2075 472 2120 animis
498 2091 608 2123 onus
634 2080 829 2126 eximit:
863 2079 1056 2130 addocet
1079 2097 1222 2134 artes.

83 2137 301 2187 Foecundi
325 2139 483 2191 calices
510 2163 641 2212 quem
667 2163 757 2195 non
772 2147 926 2217 jecere
953 2151 1213 2220 disertum?

86 2211 345 2259 Contracta
367 2230 501 2279 quem
525 2232 615 2264 non
638 2220 689 2265 in
705 2231 988 2284 paupertate
1002 2223 1210 2291 solutum
1229 2227 1248 2273 ?
1357 2246 1427 2284 20

85 2278 202 2325 Haec
226 2295 300 2341 ego
315 2296 566 2347 procurare
596 2283 659 2344 ῤ’
686 2288 872 2338 idoneus
895 2294 1115 2361 imperor,
1149 2296 1214 2356 (θ’
1241 2316 1336 2350 non

83 2349 310 2415 Invitus,
342 2369 397 2398 ne
421 2364 554 2421 turpe
578 2356 734 2421 toral,
768 2377 825 2407 ne
838 2362 1033 2427 sordida
1059 2382 1224 2433 mappa

82 2421 306 2480 corruget
332 2438 468 2471 nares
483 2443 497 2472 .·
534 2443 589 2474 ne
614 2444 707 2475 non
732 2428 796 2487 ὠ»
822 2431 1111 2503 cantharus,
1146 2437 1211 2496 ό»
1237 2438 1356 2491 lanx

83 2486 311 2552 Ostendat
336 2490 426 2540 tibi
451 2504 529 2542 te:
563 2513 620 2544 ne
637 2496 763 2565 fidos
787 2503 913 2550 inter
937 2509 1103 2555 amicos

81 2559 158 2606 Sit
184 2563 263 2626 qui
291 2558 417 2611 elicta
429 2564 569 2633 joras
595 2566 797 2619 eliminet
813 2588 828 2619 :
862 2583 920 2621 ut
947 2587 1076 2625 coeat
1088 2591 1185 2644 par
1353 2599 1424 2651 25

1280 2651 1422 2722 Jun-

137 2742 161 2783 .¹
192 2733 398 2776 Archiacis.
456 2739 479 2777 6
511 2739 563 2779 si.
625 2751 673 2793 17
701 2743 967 2796 adpraelia.··
987 2749 1152 2793 inertem·
