1663 3010
143 164 182 227 '4
358 153 708 208 SATIRA
778 150 879 205 III.
949 152 1127 207 L113.
1202 151 1273 208 Π.

142 240 195 286 Si
221 231 340 285 male
364 252 458 284 rem
477 248 665 295 gererej
698 231 853 299 insani
879 230 970 301 est:
999 246 1162 284 contra
1176 270 1194 297 ,
1219 235 1483 306 benefini:

144 306 368 356 Putidius
406 303 551 354 multo
588 301 819 352 cerebrum
851 303 914 373 est!
956 303 1097 372 (mihi
1136 306 1284 374 crede)
1325 310 1418 357 Pe-

351 373 450 425 rilli
465 415 483 442 9
1420 392 1485 446 75

144 448 397 498 Distantis
423 444 549 514 qued
571 455 625 495 tu
651 463 887 514 nunquam
911 446 1156 515 rescribere
1168 447 1320 516 poffls.

143 517 365 580 Audire,
400 528 544 585 atque
569 528 723 580 togam
736 516 878 582 jubeo
902 534 1188 586 componere,
1224 522 1430 588 quisquis

143 588 424 638 Ambitione
449 586 576 637 mala
601 599 689 637 aut
713 592 899 651 argenti
913 587 1067 655 pallet
1091 606 1275 639 amore:

142 658 374 729 Qisquis
398 658 618 721 luxuria,
649 658 846 726 tristive
860 659 1214 728 superstitione,

144 742 260 783 Aut
285 730 377 779 alio
400 734 568 779 mentis
596 729 750 778 morbo
778 728 912 780 calet.
956 729 1044 780 huc
1058 736 1246 798 propius
1270 746 1369 794 me,
1426 731 1493 784 80

141 807 277 852 Dum
299 802 426 851 doceo
450 799 657 868 insanire
682 817 863 862 omnes,
897 818 985 850 vos
1013 802 1172 851 ordine
1196 802 1343 852 adite.

141 871 239 925 DA
249 888 366 923 NDA
393 870 454 940 est
477 869 695 920 hellebori
720 869 865 919 multo
883 887 1002 938 pars
1026 877 1235 921 maxima
1261 876 1460 922 avaris:

143 943 310 1010 Nescio
336 961 401 991 an
431 946 719 1011 Anticyram
742 946 871 990 ratio
893 941 988 991 illis
1013 943 1207 1011 destinet
1232 960 1422 994 omnem.
1492 989 1495 991 .

143 1012 350 1064 Heredes
373 1013 564 1062 Staberi
573 1013 805 1082 summam
828 1013 1029 1061 incidere
1041 1012 1246 1082 sepulcro
1261 1032 1276 1063 .-

142 1088 218 1136 Ni
231 1084 552 1155 ficfi’ciffent,
583 1081 903 1145 gladiatorum
929 1084 1043 1132 dare
1069 1096 1248 1134 centum
1429 1087 1490 1150 85

144 1159 386 1205 Damnati
392 1151 555 1221 populo
560 1159 703 1220 paria
720 1189 737 1215 2
758 1165 903 1223 atque
917 1153 1113 1222 epulum,
1127 1155 1329 1204 arbitrio
1342 1160 1491 1206 Arri:

142 1230 389 1276 Frumenti
416 1236 645 1294 quantum
671 1228 808 1273 metit
835 1226 1028 1292 Africa.
1075 1230 1188 1275 Sive
1217 1243 1292 1289 ego
1307 1241 1495 1294 prave,

142 1302 233 1347 Seu
262 1297 412 1356 reete,
449 1295 531 1345 hoc
557 1294 689 1344 volui
704 1314 719 1343 .-
758 1313 815 1343 ne
829 1297 897 1366 fis
913 1308 1119 1363 patruus
1144 1296 1272 1348 mihi.
1321 1298 1465 1347 Credo

143 1372 247 1418 Hoc
272 1365 465 1417 Staberi
482 1366 760 1433 prudentem
787 1371 992 1416 animum
1015 1367 1121 1417 vidi
1157 1384 1224 1418 e..
1241 1408 1252 1419 .
1273 1407 1284 1417 .
1331 1366 1494 1421 DAM.

348 1436 490 1506 Qid
508 1453 611 1499 ergo
1464 1442 1465 1446 ’

143 1509 324 1580 Sensit,
342 1525 480 1576 quum
496 1507 727 1576 summam
742 1507 1006 1576 patrimoni
1029 1508 1275 1577 insculpere
1290 1507 1415 1577 saxo
1429 1525 1497 1576 90

144 1579 353 1631 Heredes
377 1577 535 1628 voluit
566 1579 586 1626 ,ἲ
628 1578 859 1632 STERT.
895 1577 1078 1648 Qoad
1099 1584 1266 1646 vixit,
1300 1577 1497 1629 credidit

124 1700 126 1704 ,
347 1653 507 1713 ingens

144 1724 419 1789 Pauperiem
443 1725 649 1788 vitium,
683 1719 749 1780 ὠ·
774 1723 911 1771 cavit
935 1719 1060 1772 nihil
1078 1725 1261 1784 acrius,
1296 1731 1381 1784 ut,
1405 1719 1458 1791 fi

144 1799 288 1844 Forte
314 1797 466 1842 minus
491 1790 680 1858 locuples
707 1810 796 1841 uno
823 1792 1091 1861 quadrante
1108 1796 1322 1859 periret,

144 1864 250 1933 Ipse
274 1864 522 1914 videretur
534 1863 629 1935 fibi
655 1867 859 1931 nequior.
906 1867 1051 1912 omnis
1075 1867 1197 1911 enim
1222 1879 1325 1927 res,

147 1939 314 1985 Virtus
330 1971 347 1998 ,
359 1935 502 2005 fama
516 1970 533 1997 2
559 1933 690 1982 decus
704 1933 904 1996 ‚divina
929 1933 1222 2001 humanaque
1242 1930 1417 1999 pulcris
1431 1948 1496 2002 95

145 2009 363 2056 Divitiis
378 2015 587 2072 parent.-
623 2022 741 2072 quas
762 2008 842 2072 qui
867 2003 1209 2072 construxerit,
1242 2001 1320 2052 ille

146 2074 317 2126 Clarus
342 2080 437 2125 erit
451 2115 467 2142 2
477 2075 630 2144 fhrtis
644 2114 661 2141 ,
673 2073 856 2143 justus,
870 2075 1058 2142 sapiens
1082 2079 1256 2136 etiam,
1290 2072 1501 2137 &Rex,

147 2150 225 2197 Et
251 2146 473 2215 quicquid
493 2145 640 2195 volet.
674 2144 785 2210 hoc,
819 2143 976 2193 veluti
1001 2150 1190 2193 virtute
1203 2156 1466 2211 paratum,

147 2221 378 2284 Speravit
402 2233 581 2278 magnae
603 2213 736 2264 laudi
745 2215 873 2284 fhre.
931 2214 1049 2283 quid
1055 2213 1206 2285 simile
1224 2213 1301 2283 isti

150 2292 343 2338 Graecus
369 2286 665 2356 Aristippus,
699 2290 778 2354 qui
791 2285 959 2353 servos
976 2287 1198 2352 proijcere
1221 2301 1389 2335 aurum
1405 2299 1501 2338 100

151 2364 215 2408 In
241 2358 391 2408 media
402 2356 540 2424 juffit
568 2356 723 2427 Libya
742 2375 756 2404 .·
791 2360 902 2424 quia
929 2356 1115 2405 tardius
1140 2360 1268 2405 irent

153 2432 353 2496 Propter
376 2445 487 2477 onus
505 2427 667 2496 segnes
690 2427 709 2474 ,ἲ
740 2438 847 2476 uter
863 2425 933 2495 ‚est
960 2427 1165 2496 insanior
1190 2423 1390 2474 horum?

153 2498 316 2554 DAM.
335 2497 432 2551 Nil
452 2503 555 2563 agit
579 2496 833 2567 exemplum
845 2531 863 2561 2
881 2496 1011 2547 litem
1037 2496 1163 2566 quod
1183 2494 1267 2546 lite
1279 2493 1502 2620 gestlvit,

1320 2576 1500 2616 TERT.

216 2683 268 2722 75
298 2675 475 2712 cerebrum
501 2670 734 2729 (mihicrede)
753 2674 880 2715 Perilli
893 2673 952 2724 est,
981 2672 1030 2715 86
1045 2673 1143 2714 Arri
1151 2685 1166 2720 ,·
1198 2668 1260 2716 ὰ.
1284 2678 1335 2723 93
1341 2664 1501 2723 periffet.

217 2740 268 2780 997
290 2730 493 2782 sapiensne.
557 2744 631 2771 102
662 2741 761 2784 opus.
