1663 3010
185 141 292 196 140
407 123 1312 184 SAT‘IRAIV.L113.II.

182 215 408 274 Ignarum
430 212 593 280 quibus
618 211 681 281 est
692 220 776 279 jus
801 220 987 282 aptius,
1021 215 1087 275 ό·
1106 216 1271 285 quibus
1295 217 1397 287 affis

185 282 461 342 Languidus
489 287 540 333 in
567 285 770 333 cubitum
787 286 896 351 jam
911 286 966 355 st'
993 293 1201 337 conviva
1226 299 1423 355 reponet.

184 351 384 414 Umber,
417 351 482 410 &⁶
507 352 654 416 iligna
678 361 892 405 nutritus
913 356 1084 420 glande
1110 359 1338 407 rotundas
1454 376 1526 428 40

183 427 368 471 Curvet
393 438 503 490 aper
526 423 677 473 lances
701 442 883 476 carnem
909 432 1122 478 vitantis
1143 433 1352 478 inertem.

182 495 318 541 Nam
329 495 549 543 Laurens
571 494 721 544 malus
745 497 806 564 es}
819 533 836 560 ‚
864 496 994 547 ulvis
1007 497 1071 557 &
1084 500 1313 549 arundine
1325 502 1527 567 pinguis.

183 565 328 611 Vinea
345 564 610 631 summittit
635 582 820 633 capreas
845 585 935 617 non
949 569 1128 637 ss’mper
1152 569 1319 620 edules.

181 634 398 683 Foecundi
423 633 583 702 leporis
597 636 784 704 sapiens
798 638 1064 706 sedabitur
1089 657 1257 690 armos.

183 703 390 772 Piscibus
412 718 556 774 atque
578 706 752 756 avibus
775 726 877 776 quae
893 721 1074 759 natura
1087 709 1286 778 &foret
1299 719 1447 774 cetus,
1461 725 1526 780 45

184 779 326 823 Ante
352 794 498 826 meum
524 775 640 826 nulli
657 783 826 844 patuit
852 780 1046 851 quaefita
1068 780 1301 846 palatum.

183 848 307 894 Sunt
332 864 524 914 quorum
546 853 775 910 ingenium
788 866 917 900 nova
929 862 1119 900 tantum
1135 849 1334 919 crustula
1337 855 1530 917 promit.

183 918 501 985 Nequaquam
516 917 644 986 satis
671 923 723 968 in
748 935 797 967 re
821 938 917 969 una
942 922 1193 990 consumere
1217 939 1405 970 curam.-

185 989 254 1034 Ut
265 987 315 1057 fi
343 993 446 1056 quis
460 987 612 1055 stilum
638 989 748 1052 hoc,
781 989 910 1040 mala
935 1009 991 1040 ne
1004 992 1106 1063 sint
1131 995 1284 1060 vina,
1318 989 1530 1058 laboret,

184 1054 341 1126 Qali
361 1058 622 1127 perfundat
642 1059 783 1128 pisces
799 1061 988 1128 securus
1013 1060 1150 1110 olivo.
1467 1079 1534 1132 50

185 1126 381 1194 Maffica
396 1130 444 1199 fi
466 1126 570 1177 coelo
584 1128 814 1197 supponas
839 1134 961 1180 vina
977 1131 1173 1200 sereno,

183 1199 465 1261 Nocturna,
487 1199 535 1270 si
557 1199 674 1267 quid
697 1199 829 1268 craffl
849 1200 911 1271 est
924 1242 942 1269 ‚
977 1201 1255 1253 tenuabitur
1278 1217 1430 1270 aura,

184 1271 260 1319 Et
282 1270 464 1320 decedet
487 1270 598 1319 odor
621 1276 785 1320 nervis
810 1276 1017 1322 inimicus
1031 1292 1047 1322 .-
1080 1285 1136 1323 at
1157 1272 1244 1322 illa

184 1344 428 1402 Integrum
445 1341 652 1408 perdunt
681 1339 775 1391 lino
801 1347 990 1393 vitiata
1003 1344 1232 1413 saporem.

185 1415 469 1460 Surrentina
496 1411 639 1481 vafer
664 1418 743 1480 qui
769 1413 924 1483 miscet
936 1414 1058 1484 faece
1082 1413 1285 1464 Falerna
1466 1427 1530 1484 55

187 1483 341 1548 Vina,
375 1481 624 1532 columbino
650 1483 810 1533 limum
836 1484 946 1533 bene
972 1483 1142 1549 colligit
1171 1503 1288 1536 ovo:

186 1548 441 1619 Qatenus
467 1557 561 1602 ima
576 1559 704 1621 petit
727 1553 928 1605 volvens
952 1554 1107 1606 aliena
1134 1554 1344 1606 vitellus.

184 1620 328 1690 {tostis
352 1636 629 1673 marcentem
645 1623 832 1694 squillis
859 1626 1083 1675 recreabis
1111 1625 1175 1684 ᾤ’
1197 1626 1334 1695 Afra

186 1695 401 1743 Potorem
428 1694 618 1746 cochlea.
691 1713 802 1744 nam
828 1694 1009 1745 lactuca
1031 1701 1232 1745 innatat
1259 1699 1369 1763 acri-

187 1765 254 1812 Po
320 1770 485 1814 vinum
488 1764 738 1834 stomacho.
763 1781 914 1832 perna
927 1772 1069 1829 magis
1083 1784 1135 1815 ac
1148 1770 1291 1828 magis
1306 1764 1432 1815 hillis
1468 1767 1535 1818 60

188 1838 230 1883 F
245 1839 405 1896 agitat
431 1840 481 1884 in
509 1832 679 1907 morsus
707 1835 861 1906 refici:
896 1842 1010 1905 quin
1034 1842 1186 1886 omnia
1212 1835 1350 1885 malit

187 1902 490 1973 Qtaecunque
515 1907 760 1955 immundis
774 1907 981 1976 fervent
1001 1906 1166 1955 allata
1188 1912 1380 1973 popinis.

191 1973 279 2042 Est
304 1990 447 2042 operae
470 1982 678 2043 pretium
703 1976 889 2043 duplicis
905 1977 1167 2046 pernoscere
1184 1979 1314 2043 juris

190 2048 452 2095 Naturam.
514 2046 710 2117 fimplex
735 2047 760 2096 ἐ
785 2047 904 2096 dulci
932 2048 1107 2117 constat
1130 2046 1255 2096 olivo
1273 2066 1287 2094 .-

193 2113 343 2182 Qod
353 2121 516 2183 pingui
539 2118 718 2186 miscere
743 2135 863 2167 mero
889 2123 1128 2186 muriaque
1150 2117 1350 2184 decebit,
1473 2119 1504 2167 6
1511 2133 1534 2182 ς

191 2189 305 2235 Non
330 2186 427 2236 alia
453 2206 591 2255 quam
617 2206 709 2255 qua
735 2193 981 2255 Byzantia
1001 2192 1193 2254 putruit
1217 2203 1338 2238 orca.

194 2259 295 2305 Hoc
319 2257 399 2305 ubi
427 2258 657 2327 confufitm
672 2259 813 2325 settis
839 2257 1065 2327 inferbuit
1093 2255 1276 2322 herbis,

196 2332 464 2395 Corycioque
489 2344 608 2376 croco
625 2327 838 2396 sparficm
855 2329 1026 2397 stetit,
1060 2327 1239 2395 insuper
1266 2325 1407 2375 addes

193 2398 354 2468 ‘Preffiz
386 2399 665 2469 Venafranae
692 2397 817 2468 quod
837 2399 971 2449 bacca
1006 2399 1177 2470 remisit
1204 2397 1363 2449 olivae.
1459 2468 1519 2515 Ρ·

1502 2485 1543 2514 2-

260 2595 312 2630 44
343 2586 526 2625 Fecundae.
574 2600 623 2633 45
650 2587 817 2635 :sc-finer.
863 2590 916 2635 46
938 2588 1068 2637 patuit
1089 2587 1192 2625 nulli.
1233 2586 1281 2632 48
1304 2584 1400 2633 satis
1425 2584 1471 2633 est
1494 2597 1542 2621 re.

266 2651 307 2684 5¹
335 2641 520 2691 summe-³·
553 2655 600 2689 52.
624 2643 814 2694 quidquid.
855 2655 903 2691 55
920 2644 1013 2693 fece.
1041 2641 1544 2693 61immorsus....mavult.

265 2696 315 2742 65
345 2700 405 2733 At
418 2698 562 2751 pingui.
623 2701 671 2739 66
693 2698 838 2750 putuit,

1641 2675 1663 2696 ,ἢ
