1663 3010
175 144 284 212 '176
437 137 790 193 smum
854 138 1172 195 V.L113.
1235 141 1306 196 11.

179 224 344 274 Scriba
370 240 430 272 ex
457 228 769 292 quinqueviro
792 241 983 275 corvum
1005 222 1192 275 deludet
1216 226 1460 301 hiantem*

183 301 503 362 captatorque
529 293 666 344 dabit
689 296 807 364 risus
832 297 1006 368 Nasica
1035 302 1231 350 Corano,

179 362 386 418 ULYss.
420 369 552 415 Num
566 366 742 436 furis?
776 385 840 417 an
853 367 1061 434 prudens
1083 366 1208 419 ludis
1235 387 1336 434 me,
1371 371 1527 442 obstu-

381 452 440 486 ra
467 437 704 486 canendo?
967 494 969 496 ,

177 504 321 563 TIR.
357 511 401 556 O
429 508 725 572 La'e'rtiade,
740 509 963 579 quicquid
979 510 1129 561 dicam
1142 524 1264 586 ‚aut
1289 516 1415 579 erit,
1440 524 1529 565 aut

377 595 484 629 non.

177 651 427 699 Divinare
450 655 620 700 etenim
644 669 837 714 magnus
863 651 976 701 mihi
1002 653 1150 702 donat
1172 653 1359 721 Apollo.
1458 654 1529 708 60

179 717 389 772 ULYss.
424 720 566 789 Qid
598 733 758 790 tamen
795 721 884 793 ista
920 721 1046 774 velit
1068 723 1377 795 fibifabula‚
1396 724 1447 797 fi
1467 723 1530 776 li-

376 805 471 856 cet,
511 793 605 843 ede.

171 859 299 913 TIR
308 902 318 912 .
332 864 542 932 Tempore
554 882 642 933 quo
641 865 843 931 juvenis
855 864 1055 916 Parthis
1068 864 1342 932 horrendus,
1354 865 1415 918 ab
1427 864 1529 917 alto

164 934 432 1002 -Demiffum
452 953 597 998 genus
621 939 813 1002 AEnm,
847 935 1013 986 tellure
1040 942 1252 1005 marique
1486 948 1491 951 '

172 1008 384 1065 Magnus
407 1011 530 1069 erit,
550 1007 682 1076 forti
705 1007 849 1056 nubet
864 1022 1058 1073 procera
1084 1014 1264 1058 Corano

170 1072 298 1122 Filia
322 1076 549 1146 Nasicae2·
569 1081 820 1125 metuentis
846 1078 1036 1127 reddere
1050 1076 1251 1146 soldum.
1458 1081 1526 1148 65

170 1149 288 1193 Tum
307 1163 448 1207 gener
471 1147 552 1196 hoc
566 1148 754 1215 faciet:
792 1147 983 1198 tabulas
1007 1148 1163 1217 socero
1186 1147 1351 1213 dabit,
1383 1160 1528 1219 atque

171 1217 241 1264 Ut
265 1213 392 1279 legat
418 1218 605 1268 orabit:
638 1217 837 1268 multum
866 1220 1039 1290 Nasica
1064 1231 1263 1283 negatas
1483 1228 1493 1242 ²

170 1291 389 1352 Accipiet
415 1290 634 1357 tandem,
669 1289 733 1348 ὠ·
758 1295 935 1339 tacitus
961 1289 1109 1354 leget,
1143 1295 1447 1361 invenietque

168 1356 269 1407 Nil
276 1357 372 1427 fibi
397 1359 632 1428 legatum,
656 1372 838 1428 praeter
853 1360 1070 1429 plorare,
1093 1361 1299 1431 ficisqtce.

168 1425 306 1477 Illud
324 1429 395 1478 ad
417 1429 515 1480 haec
533 1431 706 1498 jubeo:
740 1431 905 1482 mulier
917 1433 966 1504 Ji
974 1432 1112 1502 forte
1138 1433 1320 1502 dolosa,
1457 1447 1525 1500 70

166 1498 465 1570 Libertusve
479 1503 638 1571 senem
663 1501 858 1553 delirum
880 1515 1132 1570 temperet,
1166 1501 1262 1552 illis

170 1571 383 1619 Accedas
402 1573 582 1641 socius:
618 1573 808 1636 laudes,
842 1573 1047 1622 lauderis
1074 1586 1131 1623 ut
1155 1573 1333 1644 absens.

171 1642 410 1708 Adjuvat
434 1643 515 1692 hoc
542 1663 747 1714 quoque:
764 1644 856 1712 sed
876 1649 1032 1693 vincit
1058 1642 1217 1708 longe,
1221 1649 1356 1713 prius
1380 1643 1525 1713 ipsum

167 1714 460 1780 Expugnare
488 1728 640 1782 caput.
665 1715 843 1785 firibet
870 1713 996 1765 mala
1020 1720 1230 1765 carmina
1257 1715 1456 1765 vecors?

168 1784 414 1836 Laudato.
438 1785 679 1855 stortator
705 1786 835 1836 erit?
875 1804 991 1836 cave
1019 1797 1068 1835 te
1097 1797 1254 1849 roget:
1291 1784 1419 1835 ultro
1455 1800 1520 1856 75

168 1855 423 1923 Penelopen
437 1856 606 1924 facilis
619 1862 797 1924 potiori
821 1857 974 1908 trade.
1008 1855 1215 1908 ULYss.
1251 1855 1490 1926 Putasne,

169 1926 369 1975 Perduci
386 1932 567 1993 poterit
581 1963 600 1991 2
633 1939 736 1977 tam
749 1927 917 1993 frugi,
953 1940 1141 1995 tamque
1155 1926 1328 1993 pudica
1345 1963 1364 1990 ‚

167 1994 336 2066 Qam
357 2002 571 2066 nequiere
587 2004 718 2066 proci
743 2001 864 2049 recto
889 1996 1107 2065 depellere
1134 1998 1300 2067 cursu?
1341 2052 1344 2055 Δ
1495 2052 1499 2055 ,

166 2066 314 2122 TIR.
349 2073 488 2118 Venit
511 2075 633 2120 enim
657 2088 876 2133 magnum
891 2068 1096 2119 donandi
1096 2083 1245 2135 parca
1246 2069 1488 2135 juventus
1497 2076 1521 2135 ,'

167 2141 272 2190 Nec
297 2150 491 2189 tantum
517 2144 703 2190 Veneris
728 2153 961 2209 quantum
973 2139 1184 2208 studiosa
1212 2139 1393 2190 culinae.
1455 2141 1520 2191 80

166 2215 243 2259 Sic
269 2210 359 2260 tihi
387 2209 605 2277 Penelope
614 2211 756 2280 frugi
780 2211 870 2280 est:
907 2226 1010 2278 quae
1024 2210 1072 2280 Ji
1076 2208 1224 2277 semel
1242 2226 1334 2258 uno

169 2285 249 2331 De
264 2282 375 2350 sene
391 2280 624 2350 gustarit,
661 2293 809 2330 tecum
824 2285 1019 2348 partita
1048 2278 1289 2341 lucellum,

170 2356 239 2402 Ut
267 2357 394 2402 canis
416 2353 447 2402 a
474 2357 590 2401 corio
618 2370 859 2421 nunquam
894 2349 1227 2420 absterrebitur
1250 2351 1404 2400 undo.

171 2429 258 2473 ,Me
275 2423 416 2493 sene,
459 2423 585 2491 quod
603 2423 782 2491 dicam,
795 2423 987 2493 sallum
1011 2420 1086 2491 est.
1141 2425 1286 2472 Anus
1311 2419 1518 2488 improba

370 2493 536 2544 Thebis

170 2567 254 2612 Ex
277 2563 562 2634 Testamenta
573 2565 642 2638 Jic
664 2564 727 2636 est
754 2564 915 2617 elata:
950 2563 1156 2633 cadaver
1393 2562 1517 2684 U85
1556 2580 1565 2585 ²

1437 2648 1520 2682 nc-

230 2724 278 2763 68
311 2729 457 2767 tandem
470 2752 481 2773 ,
512 2728 662 2769 tacitus.
